1618 2715
270 86 806 134 H1STOR1ARUM
843 87 1218 134 LIB.XXX1X.
1327 104 1417 150 34r

142 193 539 254 potentiffimarum
557 193 757 255 gentium
776 191 952 239 summis
970 191 1317 255 imperatoribus
1334 210 1416 256 po-

142 264 338 311 suerunt.

203 340 271 385 LI.
306 338 377 384 Ad
409 338 601 385 Prufiam
624 355 771 402 regem
793 339 957 401 legatus
975 340 1030 384 T.
1050 339 1292 398 Quinffius
1319 338 1414 384 Fla-

138 409 335 456 mininus
362 411 515 467 venit,
534 428 666 473 quem
697 411 939 473 suspeElum
971 412 1187 457 Romanis
1215 413 1262 457 &
1287 427 1412 457 rece·-

136 496 239 546 ptus
259 483 358 546 post
385 483 533 547 fugam
553 484 768 532 Antiochi
789 484 1042 540 Hannibal,
1067 486 1115 530 &
1143 484 1308 529 bellum
1334 485 1414 530 ad-

137 556 290 602 versus
323 561 565 602 Eumenem
599 568 772 602 motum
805 555 1007 602 faciebat.
1046 556 1136 614 ibi,
1163 555 1234 601 seu
1264 556 1366 619 quia
1386 574 1410 603 a

134 630 385 677 Flaminino
413 631 529 676 inter
561 643 705 677 cetera
735 629 959 691 objechun
988 629 1148 675 Prusiae
1178 642 1269 674 erat
1287 665 1301 686 ,
1326 630 1407 675 ho-

134 700 300 746 minem
328 702 557 759 omnium,
583 703 660 765 qui
694 703 932 758 viverent,
964 702 1284 749 infestissimum
1321 719 1407 764 po-

133 774 244 835 pulo
272 775 481 822 Romano
503 775 618 837 apud
643 792 745 821 enm
771 775 854 821 eise
872 807 886 830 ‚
912 775 988 836 qui
1018 774 1171 836 patriae
1202 774 1287 820 suae
1314 775 1406 836 pri-

133 862 277 903 mum,
295 846 475 904 deinde,
495 845 638 892 sraelis
658 845 749 907 ejus
769 847 948 908 opibus,
967 846 1197 892 Antiocho
1217 846 1306 909 regi
1325 863 1404 891 au-

131 917 228 963 &or
254 917 357 963 belli
383 917 592 963 adversus
616 917 831 979 populum
850 919 1107 964 Romanum
1131 916 1301 972 fuiffe13
1332 916 1404 963 seu

132 989 236 1052 quia
256 989 344 1052 ipse
371 989 565 1046 Prufias,
592 1002 639 1035 ut
667 989 987 1052 gratificaretur
1017 988 1220 1051 praesenti
1244 988 1403 1034 Flami-

130 1062 242 1108 nino
261 1062 585 1125 Romanisque,
605 1079 684 1124 per
709 1062 750 1110 se
775 1062 964 1109 necandi
984 1074 1060 1108 aut
1088 1061 1288 1108 tradendi
1311 1061 1402 1122 ejus

128 1134 174 1181 in
208 1135 469 1198 potestatem
502 1135 735 1182 confilium
766 1136 914 1198 cepit:
940 1152 964 1180 a
991 1134 1138 1197 primo
1162 1134 1404 1196 colloquio

129 1208 364 1255 Flaminini
394 1208 554 1255 milites
589 1208 818 1270 extemplo
850 1207 904 1254 ad
929 1209 1110 1255 domum
1137 1206 1398 1253 Hannibalis

128 1279 459 1328 custodiendam
480 1280 588 1326 miffi
609 1280 720 1327 sunt.
745 1283 924 1343 Semper
947 1280 1075 1326 talem
1100 1279 1267 1325 exitum
1291 1278 1399 1324 vitae

125 1354 212 1401 suae
238 1353 459 1400 Hannibal
484 1352 769 1415 prospexerat
791 1354 973 1410 animo,
1001 1355 1052 1400 &
1084 1354 1395 1398 Romanorum

124 1427 394 1490 inexpiabile
412 1426 568 1472 odium
587 1426 633 1471 in
659 1425 698 1472 se
717 1442 900 1473 cernens
914 1462 927 1484 ,
946 1428 995 1473 &
1021 1424 1124 1470 fidei
1143 1441 1296 1487 regum
1319 1422 1393 1468 ni-

123 1501 187 1547 hil
209 1500 306 1547 sane
334 1499 544 1547 confisus.
576 1500 736 1546 Prusiae
763 1517 876 1546 vero
905 1500 1135 1546 levitatem
1165 1499 1294 1544 etiam
1314 1515 1395 1545 ex-

122 1585 271 1635 pertus
297 1583 402 1618 erat.
439 1571 672 1617 Flaminini
692 1589 873 1635 quoque
903 1572 1148 1620 adventum
1173 1571 1295 1617 velut
1326 1571 1394 1618 fa-

123 1646 254 1691 talem
281 1645 356 1690 s1bi
377 1644 626 1690 horruerat.
656 1644 725 1690 Ad
746 1645 897 1690 omnia
918 1643 1116 1706 undique
1138 1642 1294 1689 infesta
1311 1680 1324 1701 ,
1344 1656 1395 1690 ut

120 1716 206 1764 iter
229 1716 397 1778 semper
423 1716 605 1778 aliquod
631 1729 925 1778 praeparatum
955 1715 1068 1779 fugae
1093 1716 1303 1773 haberet,
1330 1715 1395 1762 se·

118 1801 241 1851 ptem
260 1789 403 1834 exitus
421 1805 444 1833 e
465 1788 604 1832 domo
633 1787 825 1844 fecerat;
847 1791 893 1837 δέ
915 1806 970 1835 ex
996 1789 1049 1836 iis
1070 1788 1282 1852 quosdam
1309 1804 1392 1836 oc-

119 1863 266 1909 cultos
281 1898 294 1919 ,
315 1878 369 1907 ne
389 1861 588 1907 custodia
612 1860 870 1923 sepirentur.
892 1864 977 1910 Sed
996 1880 1132 1926 grave
1152 1862 1390 1924 imperium

119 1951 274 1998 regum
312 1934 427 1979 nihil
463 1933 825 1996 inexploratum,
856 1935 980 1998 quod
1012 1933 1269 1997 investigari
1304 1951 1392 1982 vo-

118 2007 244 2063 lunt,
277 2007 425 2053 efficit.
463 2006 601 2053 totius
633 2007 868 2054 circuitum
901 2007 1060 2052 domus
1088 2006 1148 2051 ita
1179 2005 1394 2052 custodiis

116 2079 344 2141 complexi
378 2079 499 2136 sunt,
520 2091 570 2124 ut
593 2095 728 2124 nemo
755 2079 859 2126 inde
889 2079 1001 2125 elabi
1032 2078 1188 2141 poffet.
1222 2078 1394 2124 Hanni-

115 2150 187 2196 bal
204 2186 217 2207 ‚
244 2150 477 2214 postquam
498 2150 559 2197 est
586 2151 837 2197 nuntiatum
855 2187 869 2209 ‚
889 2151 1051 2198 milites
1072 2151 1216 2212 regios
1242 2151 1288 2196 in
1310 2166 1397 2195 ve-

114 2225 275 2272 stibulo
307 2226 416 2281 effe,
438 2225 640 2287 postico,
668 2225 792 2288 quod
821 2225 1004 2272 devium
1036 2225 1230 2270 maxime
1260 2236 1392 2286 atque

116 2299 402 2345 occultiffimi
424 2298 573 2345 exitus
595 2312 714 2357 erat,
736 2299 889 2363 fugere
909 2312 1119 2357 conatus,
1140 2312 1189 2344 ut
1215 2298 1258 2343 id
1278 2315 1394 2361 quo-

115 2389 202 2435 que
242 2372 431 2420 occursu
462 2364 661 2421 militnm
696 2373 931 2438 obseptum
967 2372 1126 2430 sensit,
1160 2372 1209 2418 &
1241 2371 1394 2418 omnia

1048 2445 1153 2505 ΥΞ
