1618 2715
164 85 257 136 218
524 84 1086 134 T1T1L1v11

161 193 235 241 est.
273 190 527 240 Leonorius
559 205 682 241 retro
703 229 716 251 ‚
746 193 866 240 unde
899 206 1116 255 venerat,
1156 209 1257 243 curn
1283 197 1461 260 majore·

160 280 287 332 parte
319 266 554 314 hominum
584 266 748 328 repetit
779 267 1078 330 Byzantium:
1114 269 1319 317 Lutarius
1351 272 1456 318 Ma-

163 338 415 386 cedonibus
433 374 446 396 ‚
474 354 554 401 per
582 337 773 399 speciem
802 337 1040 400 legationis
1065 339 1118 384 ab
1136 340 1378 403 Antipatro
1396 340 1455 387 ad'

161 411 481 475 speculandum
514 410 650 457 miffis
670 446 682 466 ‚
713 411 818 457 duas
842 411 975 457 teitas
1000 427 1139 458 naves
1159 414 1207 459 &
1228 425 1314 460 tres
1340 413 1454 460 lem-

163 487 251 535 bos
281 488 450 534 adimit.
483 485 580 544 his,
612 485 727 532 alios
759 497 893 550 atque
929 485 1043 533 alios
1084 487 1177 533 dies
1211 488 1457 552 no&es<1ue

163 558 499 607 transvehendo
514 594 530 616 ‚
549 557 666 605 intra
688 574 854 620 paucos
875 557 969 604 dies
1000 574 1156 606 omnes
1177 561 1331 623 copias
1358 577 1457 608 tra-

164 630 288 694 jecit.
318 630 448 678 Haud
482 631 544 676 ita
578 630 726 677 multo
762 629 861 693 post
896 630 1178 689 Leonorius,
1212 632 1463 694 adjuvante·

165 705 420 753 Nicomede
455 704 683 769 Bithyniae
718 721 848 768 rege,
885 721 910 750 a
944 705 1168 768 Byzantio
1207 707 1463 756 transmisitm

166 780 353 826 Coeunt
382 777 544 825 deinde
580 776 628 823 in
664 793 805 824 unum
837 775 988 823 rursus
1024 777 1175 836 Gaui,
1205 779 1255 825 δε
1288 779 1457 826 auxilia

166 849 410 896 Nicomedi
431 849 562 907 dant,
584 847 796 897 adversus
817 847 1058 912 Zyboetam
1075 884 1088 906 ,
1106 861 1275 911 partem
1299 863 1462 897 tenen=

166 936 260 971 tem
280 922 509 988 Bithyniae
524 959 538 982 ‚
559 921 730 986 gerenti
753 921 936 968 bellum.
965 923 1114 984 Atque
1133 938 1292 969 eorum
1312 922 1458 976 maxi-

169 1014 241 1045 me
262 1013 401 1059 opera
429 996 632 1044 devictus
651 994 850 1058 Zyboeta
876 993 937 1040 est
948 1030 964 1051 ,
981 993 1285 1059 Bithyniaque
1307 995 1463 1043 omnis

168 1070 218 1118 in
235 1068 453 1116 ditionem
472 1067 737 1116 Nicomedis
757 1066 991 1114 conceffit.
1010 1066 1203 1114 Profecti
1223 1084 1279 1114 ex
1296 1067 1463 1132 Bithya

169 1144 243 1192 nia
269 1144 315 1189 in
338 1142 485 1189 Afiam
513 1141 835 1205 processerunt.
863 1157 959 1187 non
980 1140 1078 1203 plus
1100 1157 1156 1187 ex
1177 1136 1340 1205 viginti
1361 1139 1462 1187 mil-

168 1218 287 1265 libus
318 1216 584 1275 hominum,
611 1232 743 1280 quam
767 1216 921 1262 decem
951 1225 1116 1260 armata
1137 1230 1274 1262 erant.
1310 1226 1467 1261 tamem

169 1303 343 1338 tantum
372 1291 558 1337 terroris
590 1290 758 1337 omnib
754 1306 834 1345 1,s
865 1306 966 1353 quae
1002 1288 1064 1335 cis
1090 1290 1289 1336 Taurum
1324 1288 1467 1334 inco-

168 1366 295 1425 lunt,
318 1365 523 1430 gentibus
547 1363 829 1446 injecerunt,
851 1376 928 1421 ut,
953 1379 1062 1427 quas
1093 1362 1299 1420 adissent,
1331 1361 1461 1425 quas-

170 1457 260 1523 que
281 1457 375 1486 non
395 1439 605 1497 adissent,
631 1438 794 1501 pariter
815 1400 985 1486 ultiziiae
1016 1435 1289 1499 propinquis
1316 1434 1462 1498 impe-

169 1516 244 1562 rio
282 1526 504 1577 parerent.
547 1514 811 1570 Postremo,
845 1531 946 1559 cum
985 1524 1074 1558 tres
1110 1511 1247 1558 effent
1282 1520 1470 1574 gentes3

171 1586 476 1648 Tolistoboji,
497 1587 709 1643 Trocmi,
727 1585 992 1650 Tectosagi,
1011 1584 1057 1631 in
1078 1596 1166 1632 tres
1186 1595 1357 1646 partes,
1378 1599 1475 1647 qua·

174 1662 337 1723 cuique
360 1659 635 1722 populorum
659 1658 840 1704 suorum
871 1657 1099 1720 vectigalis
1120 1657 1222 1704 Asia
1241 1655 1466 1714 effet‚,di-

174 1733 390 1783 viserunt.
411 1733 622 1781 Trocmis
640 1731 921 1793 Hellesponti
941 1748 1022 1776 ora
1047 1730 1166 1785 data3
1185 1729 1474 1789 Tolistobojis

174 1808 355 1856 AEolida
373 1820 507 1872 atque
525 1806 700 1854 Joniam
717 1841 731 1862 ‚
753 1805 987 1867 Teiiosagi
1009 1805 1332 1851 mediterranea
1352 1803 1486 1850 Afiaer

175 1883 322 1932 sortiti
355 1881 466 1928 sunt.
509 1882 559 1929 &
593 1881 859 1944 stipendium
896 1892 993 1927 tota
1026 1880 1088 1928 cis
1125 1882 1329 1927 Taurum
1363 1877 1471 1925 Afiae

177 1956 432 2020 exigebant.
462 1956 620 2002 Sedem
652 1969 800 2001 autem
831 1953 909 2017 ipfi
935 1954 1015 2000 fibi
1045 1954 1165 2002 circa
1194 1952 1350 2015 Halyn
1383 1950 1468 1997 flu-

177 2049 282 2080 men
322 2043 552 2093 ceperunt.
592 2029 828 2092 tantusque
873 2042 1022 2075 terror
1063 2045 1221 2075 eorum
1266 2026 1470 2073 nominis

179 2117 300 2162 erat,
323 2103 609 2150 multitudine
627 2103 760 2149 etiam
781 2119 938 2166 magna
966 2100 1123 2148 sobole
1143 2101 1292 2158 aucta,
1309 2112 1361 2147 ut
1379 2100 1469 2162 Sy-

181 2177 258 2223 riae
296 2192 478 2239 quoque
509 2176 563 2222 ad
596 2174 873 2238 postremum
907 2190 1033 2238 reges
1066 2173 1332 2236 stipendium
1364 2171 1470 2217 dare

181 2268 278 2298 non
306 2252 564 2298 abnuerent.
602 2249 776 2296 Primus
807 2249 954 2296 Afiam
986 2248 1279 2296 incolentium
1312 2246 1471 2293 abnuit

182 2325 385 2384 AttaIuS,
408 2339 531 2389 pater
562 2325 677 2389 regis
708 2323 949 2371 Eumenis:
978 2322 1224 2383 audacique
1255 2319 1470 2382 incepto,

183 2409 346 2460 prceter
364 2399 572 2448 omnium
590 2396 856 2463 opinionem
871 2432 886 2456 ,
907 2396 1032 2445 affuit
1048 2395 1253 2455 fortuna,
1270 2394 1319 2443 &
1339 2392 1478 2458 signis
