1618 2715
209 122 296 155 122
570 103 1129 152 TITILIVII

200 212 361 276 jussum
380 230 391 260 ε
411 228 466 259 ex
484 211 682 259 Sardinia
703 228 804 273 pars
824 211 1017 257 Romam
1031 247 1046 269 ,
1063 226 1164 274 pars
1181 208 1230 257 in
1247 207 1485 269 AEtoliam,

202 285 363 332 eodem
391 301 484 346 quo
504 283 723 330 Siculum.

267 361 339 404 111.
364 356 625 419 Priusquam
644 354 850 403 consules
874 354 918 401 in
940 353 1202 417 provincias
1226 350 1488 416 proficisce-

203 444 389 489 rentur,
418 431 622 494 prodigia
653 447 732 493 per
763 428 1001 493 pontifices
1034 428 1266 492 procurari
1298 426 1482 491 placuit⁴

205 505 366 553 Romae
398 505 591 552 Junonis
625 503 809 551 Lucinae
839 503 1056 564 templum
1089 502 1142 548 de
1172 502 1293 549 coelo
1328 501 1489 547 taEtum

205 593 325 635 erat,
348 580 407 627 ita
430 592 480 626 ut
504 577 726 642 fastigium
747 578 986 639 valvaeque
1013 575 1384 623 deformarentur.
1406 574 1492 618 Pu-

205 653 337 699 teolis
358 652 558 716 pluribus
578 650 690 698 locis
711 643 862 696 murus
881 650 929 695 &
950 660 1081 710 porta
1102 647 1289 694 fulmine
1309 646 1390 692 icta
1404 680 1418 702 ,
1443 646 1493 692 ὅ(

189 728 299 774 zluo
326 728 535 774 homines
565 723 824 773 exanimati.
859 723 1029 769 Nurfiae
1056 721 1215 769 sereno
1244 720 1345 767 satis
1377 735 1492 767 con-

205 800 346 848 stabat
365 802 568 848 nimbum
591 811 741 846 ortum
760 816 769 844 :
789 796 851 843 ibi
871 795 1194 860 quoque‘duos
1217 793 1384 840 liberos
1404 792 1493 838 ho-

206 873 350 920 mines
369 873 665 920 exanimatos.
694 872 838 917 Terra
858 869 978 932 apud
1007 868 1049 914 se
1076 867 1230 931 pluiffe
1252 864 1493 914 Tusculani

208 946 498 1003 nuntiabant,
517 947 566 993 &
586 942 764 991 Reatini
785 942 949 989 mulam
969 941 1016 988 in
1036 957 1143 1005 agro
1163 939 1244 986 suo
1264 937 1493 1002 peperiffe.

209 1020 272 1064 Ea
291 1030 533 1080 procurata
547 1053 560 1076 ,
577 1017 837 1078 Latinaeque
857 1013 1134 1068 instauratae3
1153 1011 1277 1075 quod
1297 1013 1494 1056 Lauren-

209 1091 327 1137 tibus
347 1091 517 1148 carnis,
533 1108 635 1154 quae
655 1088 749 1135 dari
773 1088 904 1134 debet
920 1123 933 1144 ,
957 1087 1057 1132 data
1078 1101 1174 1132 non
1195 1083 1351 1130 fuerat.
1379 1083 1496 1144 Sup-

209 1162 396 1225 plicatio
425 1178 607 1225 quoque
634 1177 783 1207 earum
804 1158 1076 1222 religionum
1106 1154 1231 1203 causa
1260 1153 1371 1211 fuit,
1393 1152 1496 1216 qui·-

209 1235 291 1281 bus
322 1233 426 1282 Diis
458 1232 703 1282 decemviri
731 1249 786 1278 ex
817 1230 971 1288 libris,
993 1242 1043 1276 ut
1071 1228 1228 1285 fieret,
1251 1226 1502 1274 ediderunt.

211 1310 388 1357 Decem
421 1308 632 1372 ingenui,
671 1308 826 1355 decem
860 1305 1088 1369 virgines,
1127 1301 1306 1365 patrimi
1339 1301 1499 1347 omnes

210 1382 523 1444 matrimique,
544 1381 599 1428 ad
630 1380 675 1427 id
703 1377 968 1426 sacrificium
999 1375 1218 1423 adhibiti:
1241 1376 1290 1422 &
1319 1373 1500 1419 decem-

211 1455 303 1503 viri
343 1455 475 1501 no&e
514 1453 778 1500 lactentibus
818 1469 913 1498 rem
957 1450 1161 1498 divinam
1197 1447 1415 1495 fecerunt.
1451 1445 1499 1490 Ρ.

214 1527 459 1575 Cornelius
489 1527 639 1589 Scipio
662 1525 931 1581 Africanus,
959 1521 1214 1586 priusquam
1243 1516 1500 1583 proficisce-

214 1617 363 1660 retur,
391 1602 614 1649 fornicem
648 1601 694 1647 in
727 1599 961 1662 Capitolio
993 1596 1203 1646 adversus
1235 1595 1384 1652 viam,
1412 1607 1503 1656 qua

213 1678 261 1725 in
278 1676 556 1739 Capitolium
587 1674 839 1723 ascenditur
856 1705 870 1728 ‚
894 1689 998 1720 cum
1025 1670 1153 1734 signis
1181 1668 1345 1731 septem
1369 1682 1502 1713 aura-

214 1752 270 1797 tis
286 1787 300 1809 ,
324 1752 374 1797 &
395 1748 572 1795 duobus
592 1748 718 1811 equis
733 1782 747 1804 ,
771 1749 821 1794 &
849 1760 1100 1792 marmorea
1130 1742 1221 1788 duo
1255 1740 1375 1787 labra
1396 1748 1500 1785 ante

215 1822 438 1870 fornicem
457 1820 622 1884 posuit.
655 1821 737 1872 Per
756 1818 932 1867 eosdem
961 1817 1053 1864 dies
1074 1814 1299 1879 principes
1320 1811 1503 1860 AEtolo-

216 1915 314 1944 rum
334 1908 422 1942 tres
443 1898 492 1943 &
520 1894 837 1957 quadraginta,
855 1892 972 1938 inter
995 1905 1111 1954 quos
1134 1885 1432 1935 Damocritus
1451 1884 1503 1930 &

216 1971 351 2017 frater
380 1967 476 2030 ejus
510 1978 662 2023 erant,
696 1967 750 2013 ab
782 1966 950 2012 duabus
987 1962 1279 2019 cohortibus,
1314 1958 1449 2006 miffis
1478 1973 1504 2004 a

221 2045 302 2090 Μ’.
322 2042 497 2101 Acilio,
520 2043 711 2088 Romam
738 2038 938 2096 deducti,
958 2039 1007 2085 &
1031 2036 1079 2083 in
1106 2033 1358 2082 Lautumias
1388 2046 1504 2078 con-

218 2116 320 2178 jefti
352 2115 466 2162 sunt.
502 2114 714 2161 cohortes
745 2112 849 2160 inde
881 2111 936 2157 ad
966 2108 1218 2156 exercitum
1252 2103 1426 2160 redire,
1453 2103 1503 2149 L.

218 2189 463 2237 Cornelius
485 2186 641 2235 consul
658 2186 789 2248 juffit.
811 2183 963 2248 Legati
984 2200 1007 2229 a
1026 2181 1275 2229 Ptolemaeo
1296 2180 1344 2225 &
1361 2175 1503 2222 Cleo-

221 2276 347 2326 patra
364 2299 377 2321 ,
406 2261 584 2326 regibus
610 2259 826 2323 AEgypti,
849 2255 1118 2321 gratulantes
1147 2251 1272 2316 quod
1304 2250 1377 2295 Μ’.
1397 2246 1505 2295 Aci-

220 2338 307 2384 lius
345 2336 503 2385 consul
535 2334 812 2382 Antiochum
843 2348 991 2395 regem
1024 2328 1200 2376 Graecia
1236 2323 1504 2388 expulisset,

223 2426 446 2463 venerunt
464 2432 474 2460 :
494 2409 895 2474 adhortantesque,
922 2419 974 2454 ut
1002 2405 1050 2453 in
1080 2403 1226 2452 Aliam
1258 2400 1503 2450 exercitum
