<?xml version="1.0" encoding="UTF-8"?>
<!DOCTYPE html PUBLIC "-//W3C//DTD XHTML 1.0 Transitional//EN"
    "http://www.w3.org/TR/xhtml1/DTD/xhtml1-transitional.dtd">
<html xmlns="http://www.w3.org/1999/xhtml" xml:lang="en" lang="en">
 <head>
  <title>
</title>
<meta http-equiv="Content-Type" content="text/html;charset=utf-8" />
  <meta name='ocr-system' content='tesseract 3.04.00' />
  <meta name='ocr-capabilities' content='ocr_page ocr_carea ocr_par ocr_line ocrx_word'/>
</head>
<body>
  <div class='ocr_page' id='page_1' title='image "./historiarumlibri06livyuoft_0247.png"; bbox 0 0 1618 2715; ppageno 0'>
   <div class='ocr_carea' id='block_1_1' title="bbox 0 2181 8 2704">
    <p class='ocr_par' dir='ltr' id='par_1_1' title="bbox 0 2181 8 2704">
     <span class='ocr_line' id='line_1_1' title="bbox 0 2181 8 2704; baseline 0 0"><span class='ocrx_word' id='word_1_1' title='bbox 0 2181 8 2704; x_wconf 95' lang='lat' dir='ltr'> </span> 
     </span>
    </p>
   </div>
   <div class='ocr_carea' id='block_1_2' title="bbox 2 2181 9 2704">
    <p class='ocr_par' dir='ltr' id='par_1_2' title="bbox 2 2181 9 2704">
     <span class='ocr_line' id='line_1_2' title="bbox 2 2181 9 2704; baseline 0 0"><span class='ocrx_word' id='word_1_2' title='bbox 2 2181 9 2704; x_wconf 95' lang='lat' dir='ltr'> </span> 
     </span>
    </p>
   </div>
   <div class='ocr_carea' id='block_1_3' title="bbox 262 105 1425 172">
    <p class='ocr_par' dir='ltr' id='par_1_3' title="bbox 262 105 1425 172">
     <span class='ocr_line' id='line_1_3' title="bbox 262 105 1425 172; baseline -0.005 -13"><span class='ocrx_word' id='word_1_3' title='bbox 262 106 813 160; x_wconf 71' lang='lat' dir='ltr'>HisTomARUM</span> <span class='ocrx_word' id='word_1_4' title='bbox 846 106 966 154; x_wconf 68' lang='grc' dir='ltr'>ΜΒ.</span> <span class='ocrx_word' id='word_1_5' title='bbox 1001 105 1261 154; x_wconf 75' lang='lat' dir='ltr'>xxxviii.</span> <span class='ocrx_word' id='word_1_6' title='bbox 1329 113 1425 172; x_wconf 56' lang='lat'>239*</span> 
     </span>
    </p>
   </div>
   <div class='ocr_carea' id='block_1_4' title="bbox 129 214 1435 1308">
    <p class='ocr_par' dir='ltr' id='par_1_4' title="bbox 129 214 1435 1308">
     <span class='ocr_line' id='line_1_4' title="bbox 129 214 1427 283; baseline -0.006 -14"><span class='ocrx_word' id='word_1_7' title='bbox 129 232 287 269; x_wconf 59' lang='lat' dir='ltr'>‘tamen</span> <span class='ocrx_word' id='word_1_8' title='bbox 314 219 468 283; x_wconf 88' lang='lat' dir='ltr'>parvis</span> <span class='ocrx_word' id='word_1_9' title='bbox 487 253 500 275; x_wconf 84' lang='lat'><em>‚</em></span> <span class='ocrx_word' id='word_1_10' title='bbox 531 215 762 265; x_wconf 85' lang='lat' dir='ltr'>latrocinii</span> <span class='ocrx_word' id='word_1_11' title='bbox 788 214 929 279; x_wconf 84' lang='lat' dir='ltr'>magis</span> <span class='ocrx_word' id='word_1_12' title='bbox 961 231 1094 277; x_wconf 88' lang='lat' dir='ltr'>quam</span> <span class='ocrx_word' id='word_1_13' title='bbox 1124 214 1231 261; x_wconf 91' lang='lat' dir='ltr'>belli</span> <span class='ocrx_word' id='word_1_14' title='bbox 1254 215 1427 275; x_wconf 42' lang='lat' dir='ltr'>modo&amp;</span> 
     </span>
     <span class='ocr_line' id='line_1_5' title="bbox 137 287 1426 346; baseline -0.005 -4"><span class='ocrx_word' id='word_1_15' title='bbox 137 311 236 342; x_wconf 84' lang='lat' dir='ltr'>non</span> <span class='ocrx_word' id='word_1_16' title='bbox 259 306 373 340; x_wconf 87' lang='lat' dir='ltr'>terra</span> <span class='ocrx_word' id='word_1_17' title='bbox 394 304 596 346; x_wconf 83' lang='lat' dir='ltr'>tantum,</span> <span class='ocrx_word' id='word_1_18' title='bbox 628 290 703 337; x_wconf 85' lang='lat' dir='ltr'>sed</span> <span class='ocrx_word' id='word_1_19' title='bbox 735 289 867 335; x_wconf 89' lang='lat' dir='ltr'>etiam</span> <span class='ocrx_word' id='word_1_20' title='bbox 899 287 1093 334; x_wconf 87' lang='lat' dir='ltr'>navibus</span> <span class='ocrx_word' id='word_1_21' title='bbox 1119 305 1143 334; x_wconf 85' lang='lat' dir='ltr'>a</span> <span class='ocrx_word' id='word_1_22' title='bbox 1173 287 1284 333; x_wconf 87' lang='lat' dir='ltr'>mari</span> <span class='ocrx_word' id='word_1_23' title='bbox 1312 287 1426 336; x_wconf 86' lang='lat' dir='ltr'>fines</span> 
     </span>
     <span class='ocr_line' id='line_1_6' title="bbox 138 359 1428 423; baseline -0.005 -9"><span class='ocrx_word' id='word_1_24' title='bbox 138 382 301 415; x_wconf 82' lang='lat' dir='ltr'>eorum</span> <span class='ocrx_word' id='word_1_25' title='bbox 320 364 493 413; x_wconf 87' lang='lat' dir='ltr'>vastati.</span> <span class='ocrx_word' id='word_1_26' title='bbox 523 364 610 410; x_wconf 89' lang='lat' dir='ltr'>Hic</span> <span class='ocrx_word' id='word_1_27' title='bbox 633 361 859 410; x_wconf 82' lang='lat' dir='ltr'>tumultus</span> <span class='ocrx_word' id='word_1_28' title='bbox 871 359 1101 407; x_wconf 84' lang='lat' dir='ltr'>consulem</span> <span class='ocrx_word' id='word_1_29' title='bbox 1128 360 1173 407; x_wconf 87' lang='lat' dir='ltr'>in</span> <span class='ocrx_word' id='word_1_30' title='bbox 1196 361 1428 423; x_wconf 85' lang='lat' dir='ltr'>Pelopon-</span> 
     </span>
     <span class='ocr_line' id='line_1_7' title="bbox 138 432 1427 498; baseline -0.005 -12"><span class='ocrx_word' id='word_1_31' title='bbox 138 438 294 487; x_wconf 88' lang='lat' dir='ltr'>nesum</span> <span class='ocrx_word' id='word_1_32' title='bbox 313 437 525 492; x_wconf 80' lang='lat' dir='ltr'>adduxit3</span> <span class='ocrx_word' id='word_1_33' title='bbox 545 434 748 498; x_wconf 83' lang='lat' dir='ltr'>juffuque</span> <span class='ocrx_word' id='word_1_34' title='bbox 769 433 862 495; x_wconf 85' lang='lat' dir='ltr'>ejus</span> <span class='ocrx_word' id='word_1_35' title='bbox 883 433 985 479; x_wconf 85' lang='lat' dir='ltr'><strong>Elin</strong></span> <span class='ocrx_word' id='word_1_36' title='bbox 1004 432 1207 480; x_wconf 90' lang='lat' dir='ltr'>concilio</span> <span class='ocrx_word' id='word_1_37' title='bbox 1228 433 1427 491; x_wconf 68' lang='lat' dir='ltr'>indicto,</span> 
     </span>
     <span class='ocr_line' id='line_1_8' title="bbox 140 505 1429 570; baseline -0.005 -10"><span class='ocrx_word' id='word_1_38' title='bbox 140 510 475 561; x_wconf 87' lang='lat' dir='ltr'>Lacedaemonii</span> <span class='ocrx_word' id='word_1_39' title='bbox 510 510 566 556; x_wconf 91' lang='lat' dir='ltr'>ad</span> <span class='ocrx_word' id='word_1_40' title='bbox 602 507 938 569; x_wconf 85' lang='lat' dir='ltr'>disceptandum</span> <span class='ocrx_word' id='word_1_41' title='bbox 974 505 1119 553; x_wconf 78' lang='lat' dir='ltr'>acciti.</span> <span class='ocrx_word' id='word_1_42' title='bbox 1166 508 1330 570; x_wconf 85' lang='lat' dir='ltr'>Magna</span> <span class='ocrx_word' id='word_1_43' title='bbox 1363 506 1429 554; x_wconf 86' lang='lat' dir='ltr'>ibi</span> 
     </span>
     <span class='ocr_line' id='line_1_9' title="bbox 141 578 1431 646; baseline -0.005 -14"><span class='ocrx_word' id='word_1_44' title='bbox 141 602 239 632; x_wconf 84' lang='lat' dir='ltr'>non</span> <span class='ocrx_word' id='word_1_45' title='bbox 273 582 534 646; x_wconf 78' lang='lat' dir='ltr'>disceptatio</span> <span class='ocrx_word' id='word_1_46' title='bbox 572 581 747 639; x_wconf 83' lang='lat' dir='ltr'>modo,</span> <span class='ocrx_word' id='word_1_47' title='bbox 781 579 855 626; x_wconf 89' lang='lat' dir='ltr'>sed</span> <span class='ocrx_word' id='word_1_48' title='bbox 887 579 1019 625; x_wconf 87' lang='lat' dir='ltr'>etiam</span> <span class='ocrx_word' id='word_1_49' title='bbox 1055 578 1288 626; x_wconf 77' lang='lat' dir='ltr'>altercatio</span> <span class='ocrx_word' id='word_1_50' title='bbox 1328 579 1431 630; x_wconf 64' lang='lat' dir='ltr'>suin</span> 
     </span>
     <span class='ocr_line' id='line_1_10' title="bbox 143 650 1433 713; baseline -0.006 -8"><span class='ocrx_word' id='word_1_51' title='bbox 143 657 218 705; x_wconf 89' lang='lat' dir='ltr'>cui</span> <span class='ocrx_word' id='word_1_52' title='bbox 237 654 421 713; x_wconf 81' lang='lat' dir='ltr'>consul,</span> <span class='ocrx_word' id='word_1_53' title='bbox 451 671 553 702; x_wconf 88' lang='lat' dir='ltr'>cum</span> <span class='ocrx_word' id='word_1_54' title='bbox 574 653 682 712; x_wconf 82' lang='lat' dir='ltr'>alia,</span> <span class='ocrx_word' id='word_1_55' title='bbox 702 652 801 699; x_wconf 83' lang='lat' dir='ltr'>satis</span> <span class='ocrx_word' id='word_1_56' title='bbox 823 650 1056 698; x_wconf 80' lang='lat' dir='ltr'>ambitiose</span> <span class='ocrx_word' id='word_1_57' title='bbox 1075 665 1242 713; x_wconf 86' lang='lat' dir='ltr'>partem</span> <span class='ocrx_word' id='word_1_58' title='bbox 1259 664 1433 698; x_wconf 83' lang='lat' dir='ltr'>utram-</span> 
     </span>
     <span class='ocr_line' id='line_1_11' title="bbox 142 723 1430 794; baseline -0.004 -17"><span class='ocrx_word' id='word_1_59' title='bbox 142 747 230 794; x_wconf 87' lang='lat' dir='ltr'>que</span> <span class='ocrx_word' id='word_1_60' title='bbox 262 729 494 786; x_wconf 85' lang='lat' dir='ltr'>fovendo‚</span> <span class='ocrx_word' id='word_1_61' title='bbox 523 727 694 774; x_wconf 89' lang='lat' dir='ltr'>incerta</span> <span class='ocrx_word' id='word_1_62' title='bbox 723 723 1041 787; x_wconf 74' lang='lat' dir='ltr'>respondisset,</span> <span class='ocrx_word' id='word_1_63' title='bbox 1077 741 1164 770; x_wconf 86' lang='lat' dir='ltr'>una</span> <span class='ocrx_word' id='word_1_64' title='bbox 1193 725 1430 772; x_wconf 89' lang='lat' dir='ltr'>denuntia-</span> 
     </span>
     <span class='ocr_line' id='line_1_12' title="bbox 143 797 1431 862; baseline -0.002 -13"><span class='ocrx_word' id='word_1_65' title='bbox 143 803 301 860; x_wconf 81' lang='lat' dir='ltr'>tione,</span> <span class='ocrx_word' id='word_1_66' title='bbox 334 814 383 848; x_wconf 91' lang='lat' dir='ltr'>ut</span> <span class='ocrx_word' id='word_1_67' title='bbox 402 801 524 854; x_wconf 88' lang='lat' dir='ltr'>bello</span> <span class='ocrx_word' id='word_1_68' title='bbox 542 798 836 857; x_wconf 87' lang='lat' dir='ltr'>abstinerent,</span> <span class='ocrx_word' id='word_1_69' title='bbox 868 797 1015 844; x_wconf 91' lang='lat' dir='ltr'>donec</span> <span class='ocrx_word' id='word_1_70' title='bbox 1037 798 1230 844; x_wconf 81' lang='lat' dir='ltr'>Romam</span> <span class='ocrx_word' id='word_1_71' title='bbox 1254 797 1431 862; x_wconf 79' lang='lat' dir='ltr'>legatos</span> 
     </span>
     <span class='ocr_line' id='line_1_13' title="bbox 144 871 1434 936; baseline -0.004 -12"><span class='ocrx_word' id='word_1_72' title='bbox 144 878 201 925; x_wconf 86' lang='lat' dir='ltr'>ad</span> <span class='ocrx_word' id='word_1_73' title='bbox 226 876 422 923; x_wconf 84' lang='lat' dir='ltr'>senatum</span> <span class='ocrx_word' id='word_1_74' title='bbox 447 874 684 932; x_wconf 76' lang='lat' dir='ltr'>mifiss‘ent‚</span> <span class='ocrx_word' id='word_1_75' title='bbox 712 871 846 918; x_wconf 86' lang='lat' dir='ltr'>finem</span> <span class='ocrx_word' id='word_1_76' title='bbox 870 872 1094 934; x_wconf 83' lang='lat' dir='ltr'>imposuit.</span> <span class='ocrx_word' id='word_1_77' title='bbox 1118 873 1343 936; x_wconf 80' lang='lat' dir='ltr'>Utrinque</span> <span class='ocrx_word' id='word_1_78' title='bbox 1363 873 1434 920; x_wconf 77' lang='lat' dir='ltr'>le-‘</span> 
     </span>
     <span class='ocr_line' id='line_1_14' title="bbox 144 946 1434 1016; baseline -0.003 -18"><span class='ocrx_word' id='word_1_79' title='bbox 144 951 268 1016; x_wconf 87' lang='lat' dir='ltr'>gatio</span> <span class='ocrx_word' id='word_1_80' title='bbox 288 950 410 998; x_wconf 81' lang='lat' dir='ltr'>miffa</span> <span class='ocrx_word' id='word_1_81' title='bbox 432 951 624 996; x_wconf 85' lang='lat' dir='ltr'>Romam</span> <span class='ocrx_word' id='word_1_82' title='bbox 643 947 719 994; x_wconf 90' lang='lat' dir='ltr'>est.</span> <span class='ocrx_word' id='word_1_83' title='bbox 752 946 923 992; x_wconf 78' lang='lat' dir='ltr'>exsules</span> <span class='ocrx_word' id='word_1_84' title='bbox 941 962 1124 1009; x_wconf 84' lang='lat' dir='ltr'>quoque</span> <span class='ocrx_word' id='word_1_85' title='bbox 1144 947 1434 994; x_wconf 49' lang='lat' dir='ltr'>Lacedaemo*</span> 
     </span>
     <span class='ocr_line' id='line_1_15' title="bbox 145 1020 1433 1084; baseline -0.004 -11"><span class='ocrx_word' id='word_1_86' title='bbox 145 1026 329 1073; x_wconf 86' lang='lat' dir='ltr'>niorum</span> <span class='ocrx_word' id='word_1_87' title='bbox 369 1025 488 1072; x_wconf 89' lang='lat' dir='ltr'>suam</span> <span class='ocrx_word' id='word_1_88' title='bbox 530 1022 705 1071; x_wconf 90' lang='lat' dir='ltr'>causam</span> <span class='ocrx_word' id='word_1_89' title='bbox 743 1020 1106 1084; x_wconf 77' lang='lat' dir='ltr'>legationemque</span> <span class='ocrx_word' id='word_1_90' title='bbox 1144 1022 1322 1068; x_wconf 76' lang='lat' dir='ltr'>Achaeis</span> <span class='ocrx_word' id='word_1_91' title='bbox 1358 1022 1433 1068; x_wconf 90' lang='lat' dir='ltr'>in-</span> 
     </span>
     <span class='ocr_line' id='line_1_16' title="bbox 144 1094 1435 1162; baseline -0.004 -16"><span class='ocrx_word' id='word_1_92' title='bbox 144 1098 404 1162; x_wconf 81' lang='lat' dir='ltr'>junxerunt.</span> <span class='ocrx_word' id='word_1_93' title='bbox 436 1097 704 1159; x_wconf 88' lang='lat' dir='ltr'>Diophanes</span> <span class='ocrx_word' id='word_1_94' title='bbox 720 1130 733 1150; x_wconf 86' lang='lat'><strong>‚</strong></span> <span class='ocrx_word' id='word_1_95' title='bbox 762 1095 813 1140; x_wconf 87' lang='lat'>&amp;</span> <span class='ocrx_word' id='word_1_96' title='bbox 835 1096 1086 1156; x_wconf 75' lang='lat' dir='ltr'>Lycortas,</span> <span class='ocrx_word' id='word_1_97' title='bbox 1122 1094 1435 1157; x_wconf 76' lang='lat' dir='ltr'>Megalopoli-¹</span> 
     </span>
     <span class='ocr_line' id='line_1_17' title="bbox 145 1166 1434 1234; baseline -0.003 -14"><span class='ocrx_word' id='word_1_98' title='bbox 145 1173 240 1220; x_wconf 88' lang='lat' dir='ltr'>tani</span> <span class='ocrx_word' id='word_1_99' title='bbox 259 1173 416 1229; x_wconf 88' lang='lat' dir='ltr'>ambo,</span> <span class='ocrx_word' id='word_1_100' title='bbox 439 1169 663 1234; x_wconf 88' lang='lat' dir='ltr'>principes</span> <span class='ocrx_word' id='word_1_101' title='bbox 691 1167 927 1230; x_wconf 81' lang='lat' dir='ltr'>legationis</span> <span class='ocrx_word' id='word_1_102' title='bbox 945 1166 1216 1213; x_wconf 79' lang='lat' dir='ltr'>Achaeorurn</span> <span class='ocrx_word' id='word_1_103' title='bbox 1236 1167 1434 1217; x_wconf 84' lang='lat' dir='ltr'>fuerunt.</span> 
     </span>
     <span class='ocr_line' id='line_1_18' title="bbox 145 1237 1434 1308; baseline -0.005 -20"><span class='ocrx_word' id='word_1_104' title='bbox 145 1245 252 1308; x_wconf 82' lang='lat' dir='ltr'>qui,</span> <span class='ocrx_word' id='word_1_105' title='bbox 283 1244 536 1292; x_wconf 75' lang='lat' dir='ltr'>diffidentes</span> <span class='ocrx_word' id='word_1_106' title='bbox 562 1244 608 1287; x_wconf 87' lang='lat' dir='ltr'>in</span> <span class='ocrx_word' id='word_1_107' title='bbox 634 1240 887 1302; x_wconf 84' lang='lat' dir='ltr'>republica,</span> <span class='ocrx_word' id='word_1_108' title='bbox 910 1252 1007 1285; x_wconf 87' lang='lat' dir='ltr'>tum</span> <span class='ocrx_word' id='word_1_109' title='bbox 1031 1254 1214 1302; x_wconf 84' lang='lat' dir='ltr'>quoque</span> <span class='ocrx_word' id='word_1_110' title='bbox 1246 1237 1434 1284; x_wconf 87' lang='lat' dir='ltr'>minime</span> 
     </span>
    </p>
   </div>
   <div class='ocr_carea' id='block_1_5' title="bbox 146 1310 1436 1448">
    <p class='ocr_par' dir='ltr' id='par_1_5' title="bbox 146 1310 1436 1448">
     <span class='ocr_line' id='line_1_19' title="bbox 147 1310 1435 1364; baseline -0.008 1"><span class='ocrx_word' id='word_1_111' title='bbox 147 1317 263 1364; x_wconf 86' lang='lat' dir='ltr'>inter</span> <span class='ocrx_word' id='word_1_112' title='bbox 296 1315 338 1358; x_wconf 86' lang='lat' dir='ltr'>se</span> <span class='ocrx_word' id='word_1_113' title='bbox 379 1310 705 1359; x_wconf 88' lang='lat' dir='ltr'>convenientes</span> <span class='ocrx_word' id='word_1_114' title='bbox 744 1313 974 1359; x_wconf 87' lang='lat' dir='ltr'>orationes</span> <span class='ocrx_word' id='word_1_115' title='bbox 1009 1313 1274 1358; x_wconf 82' lang='lat' dir='ltr'>habuerunt.</span> <span class='ocrx_word' id='word_1_116' title='bbox 1310 1310 1435 1357; x_wconf 88' lang='lat' dir='ltr'>Dio-</span> 
     </span>
     <span class='ocr_line' id='line_1_20' title="bbox 146 1380 1436 1448; baseline -0.003 -17"><span class='ocrx_word' id='word_1_117' title='bbox 146 1384 318 1448; x_wconf 87' lang='lat' dir='ltr'>phanes</span> <span class='ocrx_word' id='word_1_118' title='bbox 339 1381 507 1429; x_wconf 85' lang='lat' dir='ltr'>senatui</span> <span class='ocrx_word' id='word_1_119' title='bbox 532 1381 901 1444; x_wconf 81' lang='lat' dir='ltr'>disceptationem</span> <span class='ocrx_word' id='word_1_120' title='bbox 931 1380 1135 1426; x_wconf 87' lang='lat' dir='ltr'>omnium</span> <span class='ocrx_word' id='word_1_121' title='bbox 1158 1396 1306 1426; x_wconf 88' lang='lat' dir='ltr'>rerum</span> <span class='ocrx_word' id='word_1_122' title='bbox 1329 1398 1436 1443; x_wconf 91' lang='lat' dir='ltr'>per-</span> 
     </span>
    </p>
   </div>
   <div class='ocr_carea' id='block_1_6' title="bbox 147 1452 1443 2473">
    <p class='ocr_par' dir='ltr' id='par_1_6' title="bbox 147 1452 1441 2324">
     <span class='ocr_line' id='line_1_21' title="bbox 147 1452 1435 1516; baseline -0.002 -13"><span class='ocrx_word' id='word_1_123' title='bbox 147 1456 381 1504; x_wconf 88' lang='lat' dir='ltr'>mittebat:</span> <span class='ocrx_word' id='word_1_124' title='bbox 418 1470 497 1500; x_wconf 90' lang='lat' dir='ltr'>eos</span> <span class='ocrx_word' id='word_1_125' title='bbox 529 1453 700 1516; x_wconf 86' lang='lat' dir='ltr'>optime</span> <span class='ocrx_word' id='word_1_126' title='bbox 728 1453 1061 1500; x_wconf 75' lang='lat' dir='ltr'>controversias</span> <span class='ocrx_word' id='word_1_127' title='bbox 1094 1452 1211 1499; x_wconf 89' lang='lat' dir='ltr'>inter</span> <span class='ocrx_word' id='word_1_128' title='bbox 1239 1454 1435 1501; x_wconf 83' lang='lat' dir='ltr'>Achaeos</span> 
     </span>
     <span class='ocr_line' id='line_1_22' title="bbox 150 1524 1437 1590; baseline -0.002 -14"><span class='ocrx_word' id='word_1_129' title='bbox 150 1546 202 1576; x_wconf 83' lang='lat' dir='ltr'>ac</span> <span class='ocrx_word' id='word_1_130' title='bbox 224 1526 595 1575; x_wconf 88' lang='lat' dir='ltr'>Lacedaemonios</span> <span class='ocrx_word' id='word_1_131' title='bbox 618 1524 824 1573; x_wconf 82' lang='lat' dir='ltr'>finituros</span> <span class='ocrx_word' id='word_1_132' title='bbox 851 1525 950 1573; x_wconf 81' lang='lat' dir='ltr'>effe.</span> <span class='ocrx_word' id='word_1_133' title='bbox 985 1528 1208 1590; x_wconf 76' lang='lat' dir='ltr'>Lycortas</span> <span class='ocrx_word' id='word_1_134' title='bbox 1237 1543 1292 1572; x_wconf 80' lang='lat' dir='ltr'>ex</span> <span class='ocrx_word' id='word_1_135' title='bbox 1317 1545 1437 1590; x_wconf 82' lang='lat' dir='ltr'>prae-</span> 
     </span>
     <span class='ocr_line' id='line_1_23' title="bbox 149 1600 1438 1666; baseline -0.002 -17"><span class='ocrx_word' id='word_1_136' title='bbox 149 1602 290 1666; x_wconf 87' lang='lat' dir='ltr'>ceptis</span> <span class='ocrx_word' id='word_1_137' title='bbox 317 1601 671 1664; x_wconf 85' lang='lat' dir='ltr'>Philopoemenis</span> <span class='ocrx_word' id='word_1_138' title='bbox 692 1600 970 1664; x_wconf 82' lang='lat' dir='ltr'>postulabat,</span> <span class='ocrx_word' id='word_1_139' title='bbox 991 1612 1041 1646; x_wconf 86' lang='lat' dir='ltr'>ut</span> <span class='ocrx_word' id='word_1_140' title='bbox 1063 1600 1241 1647; x_wconf 78' lang='lat' dir='ltr'>Achaeis</span> <span class='ocrx_word' id='word_1_141' title='bbox 1269 1618 1324 1647; x_wconf 84' lang='lat' dir='ltr'>ex</span> <span class='ocrx_word' id='word_1_142' title='bbox 1346 1601 1438 1647; x_wconf 76' lang='lat' dir='ltr'>foe-</span> 
     </span>
     <span class='ocr_line' id='line_1_24' title="bbox 150 1674 1437 1741; baseline 0.001 -19"><span class='ocrx_word' id='word_1_143' title='bbox 150 1677 254 1723; x_wconf 88' lang='lat' dir='ltr'>dere</span> <span class='ocrx_word' id='word_1_144' title='bbox 275 1694 327 1724; x_wconf 92' lang='lat' dir='ltr'>ac</span> <span class='ocrx_word' id='word_1_145' title='bbox 357 1676 526 1741; x_wconf 86' lang='lat' dir='ltr'>legibus</span> <span class='ocrx_word' id='word_1_146' title='bbox 546 1674 634 1721; x_wconf 88' lang='lat' dir='ltr'>suis</span> <span class='ocrx_word' id='word_1_147' title='bbox 653 1711 665 1731; x_wconf 94' lang='lat'>‚</span> <span class='ocrx_word' id='word_1_148' title='bbox 690 1692 789 1739; x_wconf 88' lang='lat' dir='ltr'>quae</span> <span class='ocrx_word' id='word_1_149' title='bbox 809 1676 1052 1723; x_wconf 76' lang='lat' dir='ltr'>decressent</span> <span class='ocrx_word' id='word_1_150' title='bbox 1067 1711 1079 1733; x_wconf 94' lang='lat'>‚</span> <span class='ocrx_word' id='word_1_151' title='bbox 1101 1692 1228 1740; x_wconf 82' lang='lat' dir='ltr'>agere</span> <span class='ocrx_word' id='word_1_152' title='bbox 1258 1675 1437 1723; x_wconf 82' lang='lat' dir='ltr'>liceret:</span> 
     </span>
     <span class='ocr_line' id='line_1_25' title="bbox 149 1746 1438 1813; baseline 0 -18"><span class='ocrx_word' id='word_1_153' title='bbox 149 1749 488 1813; x_wconf 86' lang='lat' dir='ltr'>libertatemque</span> <span class='ocrx_word' id='word_1_154' title='bbox 515 1748 594 1795; x_wconf 85' lang='lat' dir='ltr'>fibi</span> <span class='ocrx_word' id='word_1_155' title='bbox 619 1748 829 1794; x_wconf 83' lang='lat' dir='ltr'>illibatam</span> <span class='ocrx_word' id='word_1_156' title='bbox 848 1784 861 1806; x_wconf 91' lang='lat'>‚</span> <span class='ocrx_word' id='word_1_157' title='bbox 897 1747 1021 1810; x_wconf 74' lang='lat' dir='ltr'>cujus</span> <span class='ocrx_word' id='word_1_158' title='bbox 1042 1748 1121 1811; x_wconf 84' lang='lat' dir='ltr'>ipsi</span> <span class='ocrx_word' id='word_1_159' title='bbox 1144 1749 1347 1794; x_wconf 61' lang='lat' dir='ltr'>auctores</span> <span class='ocrx_word' id='word_1_160' title='bbox 1367 1746 1438 1795; x_wconf 87' lang='lat' dir='ltr'>es-</span> 
     </span>
     <span class='ocr_line' id='line_1_26' title="bbox 150 1821 1438 1886; baseline -0.003 -16"><span class='ocrx_word' id='word_1_161' title='bbox 150 1822 279 1881; x_wconf 86' lang='lat' dir='ltr'>sent,</span> <span class='ocrx_word' id='word_1_162' title='bbox 302 1822 575 1886; x_wconf 82' lang='lat' dir='ltr'>praestarent.</span> <span class='ocrx_word' id='word_1_163' title='bbox 612 1823 785 1884; x_wconf 81' lang='lat' dir='ltr'>Magnae</span> <span class='ocrx_word' id='word_1_164' title='bbox 816 1821 1090 1868; x_wconf 61' lang='lat' dir='ltr'>auctoritatis</span> <span class='ocrx_word' id='word_1_165' title='bbox 1118 1821 1235 1883; x_wconf 88' lang='lat' dir='ltr'>apud</span> <span class='ocrx_word' id='word_1_166' title='bbox 1269 1822 1438 1866; x_wconf 87' lang='lat' dir='ltr'>Roma-</span> 
     </span>
     <span class='ocr_line' id='line_1_27' title="bbox 152 1886 1438 1958; baseline -0.002 -18"><span class='ocrx_word' id='word_1_167' title='bbox 152 1911 238 1941; x_wconf 90' lang='lat' dir='ltr'>nos</span> <span class='ocrx_word' id='word_1_168' title='bbox 266 1906 360 1944; x_wconf 87' lang='lat' dir='ltr'>tum</span> <span class='ocrx_word' id='word_1_169' title='bbox 381 1911 488 1958; x_wconf 84' lang='lat' dir='ltr'>gens</span> <span class='ocrx_word' id='word_1_170' title='bbox 508 1893 782 1940; x_wconf 81' lang='lat' dir='ltr'>Achaeorum</span> <span class='ocrx_word' id='word_1_171' title='bbox 810 1906 926 1939; x_wconf 87' lang='lat' dir='ltr'>erat:</span> <span class='ocrx_word' id='word_1_172' title='bbox 956 1893 1122 1940; x_wconf 89' lang='lat' dir='ltr'>novari</span> <span class='ocrx_word' id='word_1_173' title='bbox 1152 1905 1300 1939; x_wconf 87' lang='lat' dir='ltr'>tamen</span> <span class='ocrx_word' id='word_1_174' title='bbox 1322 1886 1438 1938; x_wconf 85' lang='lat' dir='ltr'>nihil</span> 
     </span>
     <span class='ocr_line' id='line_1_28' title="bbox 152 1966 1441 2030; baseline -0.002 -14"><span class='ocrx_word' id='word_1_175' title='bbox 152 1970 208 2016; x_wconf 89' lang='lat' dir='ltr'>de</span> <span class='ocrx_word' id='word_1_176' title='bbox 234 1969 585 2017; x_wconf 80' lang='lat' dir='ltr'>Lacedaemoniis</span> <span class='ocrx_word' id='word_1_177' title='bbox 612 1968 826 2030; x_wconf 85' lang='lat' dir='ltr'>placebat.</span> <span class='ocrx_word' id='word_1_178' title='bbox 865 1980 1060 2014; x_wconf 85' lang='lat' dir='ltr'>ceterum</span> <span class='ocrx_word' id='word_1_179' title='bbox 1088 1966 1347 2030; x_wconf 77' lang='lat' dir='ltr'>responsum</span> <span class='ocrx_word' id='word_1_180' title='bbox 1376 1966 1441 2013; x_wconf 70' lang='lat' dir='ltr'>ita</span> 
     </span>
     <span class='ocr_line' id='line_1_29' title="bbox 153 2040 1440 2106; baseline -0.002 -18"><span class='ocrx_word' id='word_1_181' title='bbox 153 2043 416 2106; x_wconf 80' lang='lat' dir='ltr'>perplexum</span> <span class='ocrx_word' id='word_1_182' title='bbox 444 2041 553 2098; x_wconf 86' lang='lat' dir='ltr'>fuit,</span> <span class='ocrx_word' id='word_1_183' title='bbox 587 2053 636 2087; x_wconf 88' lang='lat' dir='ltr'>ut</span> <span class='ocrx_word' id='word_1_184' title='bbox 659 2042 708 2088; x_wconf 89' lang='lat'>&amp;</span> <span class='ocrx_word' id='word_1_185' title='bbox 735 2041 893 2087; x_wconf 83' lang='lat' dir='ltr'>Achaei</span> <span class='ocrx_word' id='word_1_186' title='bbox 923 2041 1003 2087; x_wconf 83' lang='lat' dir='ltr'>fibi</span> <span class='ocrx_word' id='word_1_187' title='bbox 1029 2042 1082 2088; x_wconf 91' lang='lat' dir='ltr'>de</span> <span class='ocrx_word' id='word_1_188' title='bbox 1113 2040 1440 2088; x_wconf 83' lang='lat' dir='ltr'>Lacedaemone</span> 
     </span>
     <span class='ocr_line' id='line_1_30' title="bbox 153 2110 1439 2178; baseline -0.002 -18"><span class='ocrx_word' id='word_1_189' title='bbox 153 2113 407 2178; x_wconf 71' lang='lat' dir='ltr'>permifl&#39;um</span> <span class='ocrx_word' id='word_1_190' title='bbox 432 2112 714 2174; x_wconf 81' lang='lat' dir='ltr'>acciperent3</span> <span class='ocrx_word' id='word_1_191' title='bbox 746 2114 795 2160; x_wconf 85' lang='lat'>&amp;</span> <span class='ocrx_word' id='word_1_192' title='bbox 812 2112 1143 2159; x_wconf 69' lang='lat' dir='ltr'>Lacedaemonii</span> <span class='ocrx_word' id='word_1_193' title='bbox 1164 2128 1258 2158; x_wconf 90' lang='lat' dir='ltr'>non</span> <span class='ocrx_word' id='word_1_194' title='bbox 1283 2110 1439 2157; x_wconf 72' lang='lat' dir='ltr'>omnia</span> 
     </span>
     <span class='ocr_line' id='line_1_31' title="bbox 154 2186 1441 2252; baseline -0.004 -16"><span class='ocrx_word' id='word_1_195' title='bbox 154 2187 359 2236; x_wconf 81' lang='lat' dir='ltr'>conceffa</span> <span class='ocrx_word' id='word_1_196' title='bbox 387 2187 440 2234; x_wconf 92' lang='lat' dir='ltr'>iis</span> <span class='ocrx_word' id='word_1_197' title='bbox 460 2187 875 2251; x_wconf 85' lang='lat' dir='ltr'>interpretarentur.</span> <span class='ocrx_word' id='word_1_198' title='bbox 910 2188 993 2236; x_wconf 88' lang='lat' dir='ltr'>hac</span> <span class='ocrx_word' id='word_1_199' title='bbox 1016 2187 1234 2252; x_wconf 86' lang='lat' dir='ltr'>potestate</span> <span class='ocrx_word' id='word_1_200' title='bbox 1268 2186 1441 2232; x_wconf 84' lang='lat' dir='ltr'>immo-</span> 
     </span>
     <span class='ocr_line' id='line_1_32' title="bbox 155 2261 965 2324; baseline -0.001 -16"><span class='ocrx_word' id='word_1_201' title='bbox 155 2261 255 2309; x_wconf 89' lang='lat' dir='ltr'>dice</span> <span class='ocrx_word' id='word_1_202' title='bbox 283 2261 436 2308; x_wconf 86' lang='lat' dir='ltr'>Achaei</span> <span class='ocrx_word' id='word_1_203' title='bbox 459 2278 510 2307; x_wconf 92' lang='lat' dir='ltr'>ac</span> <span class='ocrx_word' id='word_1_204' title='bbox 539 2261 726 2324; x_wconf 88' lang='lat' dir='ltr'>superbe</span> <span class='ocrx_word' id='word_1_205' title='bbox 756 2262 820 2308; x_wconf 82' lang='lat' dir='ltr'>usi</span> <span class='ocrx_word' id='word_1_206' title='bbox 850 2262 965 2309; x_wconf 86' lang='lat' dir='ltr'>sunt.</span> 
     </span>
    </p>

    <p class='ocr_par' dir='ltr' id='par_1_7' title="bbox 155 2332 1443 2473">
     <span class='ocr_line' id='line_1_33' title="bbox 237 2332 1440 2399; baseline -0.002 -17"><span class='ocrx_word' id='word_1_207' title='bbox 237 2337 446 2382; x_wconf 90' lang='lat' dir='ltr'>XXXIII.</span> <span class='ocrx_word' id='word_1_208' title='bbox 474 2336 808 2399; x_wconf 85' lang='lat' dir='ltr'>Philopoemeni</span> <span class='ocrx_word' id='word_1_209' title='bbox 830 2337 1120 2383; x_wconf 86' lang='lat' dir='ltr'>continuatur</span> <span class='ocrx_word' id='word_1_210' title='bbox 1137 2332 1440 2398; x_wconf 65' lang='lat' dir='ltr'>magistratusg</span> 
     </span>
     <span class='ocr_line' id='line_1_34' title="bbox 155 2405 1443 2473; baseline 0 -19"><span class='ocrx_word' id='word_1_211' title='bbox 155 2405 234 2473; x_wconf 68' lang='lat' dir='ltr'>qui</span> <span class='ocrx_word' id='word_1_212' title='bbox 255 2408 373 2460; x_wconf 84' lang='lat' dir='ltr'>veris</span> <span class='ocrx_word' id='word_1_213' title='bbox 398 2408 532 2458; x_wconf 86' lang='lat' dir='ltr'>initio</span> <span class='ocrx_word' id='word_1_214' title='bbox 546 2445 561 2471; x_wconf 81' lang='lat'>,</span> <span class='ocrx_word' id='word_1_215' title='bbox 579 2409 782 2458; x_wconf 81' lang='lat' dir='ltr'>exercitu</span> <span class='ocrx_word' id='word_1_216' title='bbox 810 2409 980 2457; x_wconf 62' lang='lat' dir='ltr'>indicto</span> <span class='ocrx_word' id='word_1_217' title='bbox 996 2444 1012 2470; x_wconf 92' lang='lat'>‚</span> <span class='ocrx_word' id='word_1_218' title='bbox 1046 2408 1185 2459; x_wconf 90' lang='lat' dir='ltr'>castra</span> <span class='ocrx_word' id='word_1_219' title='bbox 1208 2408 1256 2455; x_wconf 89' lang='lat' dir='ltr'>in</span> <span class='ocrx_word' id='word_1_220' title='bbox 1276 2405 1443 2454; x_wconf 79' lang='lat' dir='ltr'>finibus</span> 
     </span>
    </p>
   </div>
  </div>
 </body>
</html>
