1618 2715
200 121 262 167 66
568 121 1130 175 T1T1L1V11

197 228 273 276 cui
304 225 542 291 imperium
572 230 929 294 prorogabatur‚
949 231 996 278 in
1020 233 1279 296 Hispaniam
1307 233 1493 284 c‘iter'io:

197 312 291 348 r'em
318 301 380 348 est
403 303 592 351 missum.
619 307 682 351 M.
712 305 918 353 AEmilius
947 308 1138 370 Lepidus
1157 326 1181 355 a
1201 311 1249 357 L.
1280 310 1491 369 Valerio,

194 373 272 423 cui
299 374 569 422 successurus
595 376 726 435 effer,
749 378 875 424 fimul
906 379 1190 441 provinciam
1218 383 1491 430 exercitum-

196 464 287 511 que
314 449 517 512 accipere
542 449 708 511 juffus:
732 453 780 497 L.
812 451 1073 510 Valerium,
1092 453 1123 499 fi
1142 453 1203 500 ita
1230 455 1490 514 videretur,

195 537 283 584 pro
302 534 496 584 praetore
515 522 560 567 in
577 522 821 585 provincia
837 524 1048 581 retinere,
1061 525 1112 572 &
1125 526 1411 587 provinciam
1427 527 1490 573 ita

196 594 399 642 dividere
416 631 427 650 ,
456 606 508 641 ut
525 612 614 640 una
636 596 691 641 ab
716 595 964 659 Agrigento
987 598 1042 643 ad
1062 597 1334 662 Pachynum
1359 600 1488 659 effer,

193 668 333 714 altera
348 684 371 712 a
390 667 609 731 Pachyno
623 669 927 732 Tyndarium.
946 671 1054 715 Eam
1073 670 1339 718 maritimam
1359 689 1490 720 oram

192 741 240 787 L.
263 739 469 787 Valerius
492 741 657 805 viginti
674 742 865 791 navibus
883 741 1032 805 longis
1049 743 1309 792 custodiret.
1328 746 1488 794 Eidem

192 814 381 877 praetori
403 814 690 873 mandatum,
719 827 768 862 ut
788 816 896 861 duas
923 814 1128 862 decumas
1156 815 1371 864 frumenti
1389 818 1489 865 exi-

188 899 344 950 geret:
370 887 414 932 id
436 889 492 933 ad
511 904 631 934 mare
662 889 1044 950 comportandum
1080 889 1487 956 devehendumque

191 958 241 1005 in
272 960 496 1007 Graeciam
532 974 717 1009 curaret.
751 962 871 1008 Idem
901 963 950 1008 L.
979 961 1139 1024 Oppio
1175 963 1228 1010 de
1247 964 1395 1011 alteris
1413 965 1489 1011 de-

193 1033 338 1080 cumis
370 1033 602 1096 exigendis
637 1034 682 1079 in
719 1034 919 1081 Sardinia
951 1034 1232 1097 imperatum.
1269 1038 1489 1084 Ceterum

192 1122 288 1152 non
319 1106 364 1152 in
395 1106 642 1164 Graeciam,
667 1107 740 1153 sed
768 1107 989 1164 Romam,
1008 1106 1053 1152 id
1076 1106 1350 1153 frumentum
1379 1124 1488 1170 por-

190 1178 277 1224 tari
307 1178 494 1241 placere.
529 1180 585 1226 C.
616 1179 774 1227 Livius
803 1192 998 1242 praetor,
1039 1180 1115 1227 cui
1145 1179 1286 1227 claffis
1316 1197 1487 1230 evene-z

191 1265 288 1309 rat,
311 1269 411 1299 cum
444 1252 626 1315 triginta
656 1253 852 1300 navibus
874 1252 1036 1315 paratis
1061 1252 1262 1314 trajicere
1282 1253 1327 1298 in
1354 1255 1489 1300 Grae-

190 1327 309 1373 ciam
340 1326 491 1389 primo
525 1343 712 1390 quoque
745 1338 952 1391 tempore
983 1327 1145 1390 jussus,
1173 1329 1224 1375 &
1251 1327 1307 1374 ab
1338 1326 1485 1374 Atilio

192 1416 334 1445 naves
367 1398 580 1461 accipere.
620 1412 797 1447 veteres
833 1417 997 1459 naves,
1032 1418 1133 1464 quae
1167 1401 1213 1447 in
1247 1401 1486 1449 navalibus

188 1484 343 1529 erant,
373 1487 423 1518 ut
459 1470 662 1519 reficeret
693 1475 744 1520 δι.
777 1486 993 1532 armaret,
1023 1476 1086 1520 M.
1124 1474 1258 1521 Junio
1296 1472 1484 1536 praetori

190 1543 425 1608 negotium
459 1545 610 1591 datum
643 1545 732 1605 est,
752 1546 873 1609 &in
900 1563 996 1594 eam
1027 1547 1200 1595 class'em
1227 1546 1377 1595 socios
1401 1564 1483 1594 na-

189 1619 313 1667 vales
346 1617 583 1664 libertinos
623 1618 802 1681 legeret.

257 1694 329 1739 111.
360 1691 510 1754 Legati
546 1691 662 1737 terni
691 1691 738 1737 in
761 1690 960 1739 Africam
993 1692 1047 1739 ad
1089 1691 1483 1756 Carthaginienses

187 1768 240 1814 &
275 1767 322 1812 in
351 1764 607 1812 Numidiam
645 1763 700 1811 ad
733 1763 1011 1812 frumentum
1045 1765 1326 1828 rogandum,
1353 1765 1482 1828 quod

189 1840 237 1886 in
273 1838 498 1886 Graeciam
536 1849 821 1899 portaretur,
855 1838 998 1892 miffi3
1032 1854 1117 1900 pro
1157 1854 1250 1901 quo
1281 1837 1481 1900 pretium

190 1913 389 1960 solveret
428 1912 624 1975 populus
670 1912 917 1959 Romanus.
952 1913 1173 1974 Adeoque
1210 1910 1257 1956 in
1291 1927 1480 1974 appara-

191 1997 287 2031 tum
318 2000 564 2048 curamque
586 1983 680 2046 ejus
706 1983 812 2030 belli
839 1983 1000 2030 civitas
1031 1984 1200 2030 intenta
1228 1980 1337 2041 fuit,
1359 1995 1410 2030 ut
1428 1984 1479 2030 Ρ.

192 2059 438 2106 Cornelius
458 2057 614 2106 consul
632 2057 827 2105 ediceret
843 2094 857 2116 ‚
878 2059 969 2119 Qui
973 2060 1186 2120 senatores
1216 2056 1362 2121 efflat,
1383 2060 1480 2118 qui-

190 2134 338 2194 busque
370 2135 415 2178 irz
432 2133 586 2193 senatu
597 2133 850 2193 sententiam
883 2135 1012 2179 dicere
1039 2136 1200 2189 liceret,
1223 2136 1366 2194 quique
1393 2134 1478 2176 mi-

191 2225 311 2252 nores
352 2207 615 2274 nzagssratus
657 2203 808 2267 efflat,
839 2224 889 2251 ne
931 2209 1023 2267 quis
1056 2225 1191 2251 eorum
1224 2208 1389 2266 longius
1421 2207 1476 2250 ab

192 2283 285 2326 urbe
320 2282 461 2326 Roma
501 2282 655 2337 abiret,
687 2297 809 2339 quam
841 2283 949 2325 unde
981 2299 1025 2325 eo
1056 2282 1121 2325 die
1156 2282 1280 2325 redire
1310 2278 1476 2343 poffit;

190 2371 288 2398 neve
333 2373 415 2399 uno
455 2369 627 2413 tempore
660 2355 835 2413 quinque
855 2353 1070 2413 senatores
1109 2355 1161 2397 ab
1196 2354 1288 2398 urbe
1332 2355 1475 2398 Roma

193 2424 378 2490 abcffim.
402 2430 450 2474 ln
468 2424 776 2491 comparando
798 2424 987 2490 impigre
1016 2423 1191 2474 claffem
1214 2424 1270 2475 C.
1296 2423 1476 2476 Livium
