<?xml version="1.0" encoding="UTF-8"?>
<!DOCTYPE html PUBLIC "-//W3C//DTD XHTML 1.0 Transitional//EN"
    "http://www.w3.org/TR/xhtml1/DTD/xhtml1-transitional.dtd">
<html xmlns="http://www.w3.org/1999/xhtml" xml:lang="en" lang="en">
 <head>
  <title>
</title>
<meta http-equiv="Content-Type" content="text/html;charset=utf-8" />
  <meta name='ocr-system' content='tesseract 3.04.00' />
  <meta name='ocr-capabilities' content='ocr_page ocr_carea ocr_par ocr_line ocrx_word'/>
</head>
<body>
  <div class='ocr_page' id='page_1' title='image "./historiarumlibri06livyuoft_0289.png"; bbox 0 0 1618 2715; ppageno 0'>
   <div class='ocr_carea' id='block_1_1' title="bbox 295 117 1409 179">
    <p class='ocr_par' dir='ltr' id='par_1_1' title="bbox 295 117 1409 179">
     <span class='ocr_line' id='line_1_1' title="bbox 295 117 1409 179; baseline -0.006 -7"><span class='ocrx_word' id='word_1_1' title='bbox 295 119 835 179; x_wconf 72' lang='lat' dir='ltr'>HISTORIARUM</span> <span class='ocrx_word' id='word_1_2' title='bbox 870 118 993 165; x_wconf 81' lang='lat' dir='ltr'><strong>LIB.</strong></span> <span class='ocrx_word' id='word_1_3' title='bbox 1027 117 1248 165; x_wconf 80' lang='lat' dir='ltr'>XXXIX.</span> <span class='ocrx_word' id='word_1_4' title='bbox 1318 117 1409 165; x_wconf 67' lang='lat'><strong>281</strong></span> 
     </span>
    </p>
   </div>
   <div class='ocr_carea' id='block_1_2' title="bbox 136 225 1436 2472">
    <p class='ocr_par' dir='ltr' id='par_1_2' title="bbox 136 225 1424 1093">
     <span class='ocr_line' id='line_1_2' title="bbox 136 225 1412 291; baseline -0.009 -11"><span class='ocrx_word' id='word_1_5' title='bbox 136 249 216 280; x_wconf 82' lang='lat' dir='ltr'><strong>mo</strong></span> <span class='ocrx_word' id='word_1_6' title='bbox 242 232 418 279; x_wconf 82' lang='lat' dir='ltr'><strong>levibus</strong></span> <span class='ocrx_word' id='word_1_7' title='bbox 447 229 621 291; x_wconf 85' lang='lat' dir='ltr'><strong>proeliis</strong></span> <span class='ocrx_word' id='word_1_8' title='bbox 654 227 884 290; x_wconf 80' lang='lat' dir='ltr'><strong>fatigavit:</strong></span> <span class='ocrx_word' id='word_1_9' title='bbox 906 225 1134 288; x_wconf 74' lang='lat' dir='ltr'><strong>postremo</strong></span> <span class='ocrx_word' id='word_1_10' title='bbox 1160 225 1338 271; x_wconf 65' lang='lat' dir='ltr'><strong>coacios</strong></span> <span class='ocrx_word' id='word_1_11' title='bbox 1364 225 1412 270; x_wconf 82' lang='lat' dir='ltr'><strong>in</strong></span> 
     </span>
     <span class='ocr_line' id='line_1_3' title="bbox 140 296 1414 361; baseline -0.007 -9"><span class='ocrx_word' id='word_1_12' title='bbox 140 305 279 353; x_wconf 71' lang='lat' dir='ltr'><strong>aciem</strong></span> <span class='ocrx_word' id='word_1_13' title='bbox 309 303 570 349; x_wconf 80' lang='lat' dir='ltr'><strong>descendere</strong></span> <span class='ocrx_word' id='word_1_14' title='bbox 598 300 713 360; x_wconf 83' lang='lat' dir='ltr'><strong>justo</strong></span> <span class='ocrx_word' id='word_1_15' title='bbox 744 299 912 361; x_wconf 88' lang='lat' dir='ltr'><strong>proelio</strong></span> <span class='ocrx_word' id='word_1_16' title='bbox 942 296 1142 343; x_wconf 86' lang='lat' dir='ltr'><strong>devicit:</strong></span> <span class='ocrx_word' id='word_1_17' title='bbox 1164 296 1210 342; x_wconf 82' lang='lat' dir='ltr'><strong>in</strong></span> <span class='ocrx_word' id='word_1_18' title='bbox 1239 313 1332 358; x_wconf 84' lang='lat' dir='ltr'><strong>quo</strong></span> <span class='ocrx_word' id='word_1_19' title='bbox 1364 300 1414 343; x_wconf 68' lang='lat' dir='ltr'><strong>Sc</strong></span> 
     </span>
     <span class='ocr_line' id='line_1_4' title="bbox 140 368 1415 428; baseline -0.009 -5"><span class='ocrx_word' id='word_1_20' title='bbox 140 378 279 423; x_wconf 79' lang='lat' dir='ltr'><strong>aedem</strong></span> <span class='ocrx_word' id='word_1_21' title='bbox 301 376 463 422; x_wconf 79' lang='lat' dir='ltr'><strong>Dianae</strong></span> <span class='ocrx_word' id='word_1_22' title='bbox 487 373 634 419; x_wconf 78' lang='lat' dir='ltr'><strong>vovit.</strong></span> <span class='ocrx_word' id='word_1_23' title='bbox 660 370 853 417; x_wconf 63' lang='lat' dir='ltr'><strong>Subaclis</strong></span> <span class='ocrx_word' id='word_1_24' title='bbox 871 369 933 415; x_wconf 89' lang='lat' dir='ltr'><strong>cis</strong></span> <span class='ocrx_word' id='word_1_25' title='bbox 953 368 1243 428; x_wconf 76' lang='lat' dir='ltr'><strong>Apenninum</strong></span> <span class='ocrx_word' id='word_1_26' title='bbox 1264 368 1415 413; x_wconf 84' lang='lat' dir='ltr'><strong>omni·-</strong></span> 
     </span>
     <span class='ocr_line' id='line_1_5' title="bbox 140 439 1417 503; baseline -0.006 -9"><span class='ocrx_word' id='word_1_27' title='bbox 140 448 248 501; x_wconf 82' lang='lat' dir='ltr'><strong>bus,</strong></span> <span class='ocrx_word' id='word_1_28' title='bbox 268 459 361 493; x_wconf 84' lang='lat' dir='ltr'><strong>tum</strong></span> <span class='ocrx_word' id='word_1_29' title='bbox 387 443 746 493; x_wconf 76' lang='lat' dir='ltr'><strong>transmontanos</strong></span> <span class='ocrx_word' id='word_1_30' title='bbox 772 442 956 487; x_wconf 79' lang='lat' dir='ltr'>adortus</span> <span class='ocrx_word' id='word_1_31' title='bbox 981 439 1060 503; x_wconf 82' lang='lat' dir='ltr'><strong>(in</strong></span> <span class='ocrx_word' id='word_1_32' title='bbox 1088 439 1154 485; x_wconf 85' lang='lat' dir='ltr'><strong>his</strong></span> <span class='ocrx_word' id='word_1_33' title='bbox 1173 443 1221 487; x_wconf 68' lang='grc' dir='ltr'><strong>δε</strong></span> <span class='ocrx_word' id='word_1_34' title='bbox 1246 440 1417 486; x_wconf 68' lang='lat' dir='ltr'><strong>Frinia-</strong></span> 
     </span>
     <span class='ocr_line' id='line_1_6' title="bbox 140 513 1416 581; baseline -0.005 -15"><span class='ocrx_word' id='word_1_35' title='bbox 140 533 205 567; x_wconf 83' lang='lat' dir='ltr'><strong>tes</strong></span> <span class='ocrx_word' id='word_1_36' title='bbox 226 520 405 581; x_wconf 84' lang='lat' dir='ltr'><strong>Ligures</strong></span> <span class='ocrx_word' id='word_1_37' title='bbox 433 531 582 574; x_wconf 77' lang='lat' dir='ltr'><strong>erant,</strong></span> <span class='ocrx_word' id='word_1_38' title='bbox 616 531 731 579; x_wconf 85' lang='lat' dir='ltr'><strong>quos</strong></span> <span class='ocrx_word' id='word_1_39' title='bbox 767 531 859 560; x_wconf 89' lang='lat' dir='ltr'><strong>non</strong></span> <span class='ocrx_word' id='word_1_40' title='bbox 885 513 1048 559; x_wconf 79' lang='lat' dir='ltr'><strong>adierat</strong></span> <span class='ocrx_word' id='word_1_41' title='bbox 1068 513 1120 558; x_wconf 87' lang='lat' dir='ltr'><strong>C.</strong></span> <span class='ocrx_word' id='word_1_42' title='bbox 1146 513 1416 573; x_wconf 77' lang='lat' dir='ltr'><strong>Flaminius)</strong></span> 
     </span>
     <span class='ocr_line' id='line_1_7' title="bbox 141 585 1418 651; baseline -0.007 -12"><span class='ocrx_word' id='word_1_43' title='bbox 141 609 299 640; x_wconf 87' lang='lat' dir='ltr'><strong>omnes</strong></span> <span class='ocrx_word' id='word_1_44' title='bbox 333 590 537 638; x_wconf 86' lang='lat' dir='ltr'><strong>AEmilius</strong></span> <span class='ocrx_word' id='word_1_45' title='bbox 568 588 767 651; x_wconf 83' lang='lat' dir='ltr'><strong>subegit,</strong></span> <span class='ocrx_word' id='word_1_46' title='bbox 798 602 1007 648; x_wconf 78' lang='lat' dir='ltr'><strong>armaque</strong></span> <span class='ocrx_word' id='word_1_47' title='bbox 1050 585 1241 642; x_wconf 81' lang='lat' dir='ltr'><strong>ademit,</strong></span> <span class='ocrx_word' id='word_1_48' title='bbox 1278 587 1327 632; x_wconf 85' lang='lat'>&amp;</span> <span class='ocrx_word' id='word_1_49' title='bbox 1363 586 1418 630; x_wconf 79' lang='lat' dir='ltr'><strong>de</strong></span> 
     </span>
     <span class='ocr_line' id='line_1_8' title="bbox 142 659 1420 726; baseline -0.006 -13"><span class='ocrx_word' id='word_1_50' title='bbox 142 666 373 714; x_wconf 83' lang='lat' dir='ltr'><strong>montibus</strong></span> <span class='ocrx_word' id='word_1_51' title='bbox 393 666 439 711; x_wconf 92' lang='lat' dir='ltr'><strong>in</strong></span> <span class='ocrx_word' id='word_1_52' title='bbox 470 679 652 726; x_wconf 78' lang='lat' dir='ltr'><strong>campos</strong></span> <span class='ocrx_word' id='word_1_53' title='bbox 673 661 1007 708; x_wconf 82' lang='lat' dir='ltr'><strong>multitudinem</strong></span> <span class='ocrx_word' id='word_1_54' title='bbox 1029 659 1227 711; x_wconf 75' lang='lat' dir='ltr'><strong>deduxit.</strong></span> <span class='ocrx_word' id='word_1_55' title='bbox 1251 659 1420 705; x_wconf 78' lang='lat' dir='ltr'><strong>Pacatis</strong></span> 
     </span>
     <span class='ocr_line' id='line_1_9' title="bbox 143 731 1419 803; baseline -0.007 -16"><span class='ocrx_word' id='word_1_56' title='bbox 143 740 409 803; x_wconf 70' lang='lat' dir='ltr'>Liguribus,</span> <span class='ocrx_word' id='word_1_57' title='bbox 441 739 486 784; x_wconf 89' lang='lat' dir='ltr'><strong>in</strong></span> <span class='ocrx_word' id='word_1_58' title='bbox 522 753 674 799; x_wconf 80' lang='lat' dir='ltr'><strong>agrum</strong></span> <span class='ocrx_word' id='word_1_59' title='bbox 710 734 934 781; x_wconf 86' lang='lat' dir='ltr'><strong>Gallicum</strong></span> <span class='ocrx_word' id='word_1_60' title='bbox 975 732 1217 779; x_wconf 83' lang='lat' dir='ltr'><strong>exercitum</strong></span> <span class='ocrx_word' id='word_1_61' title='bbox 1255 731 1419 786; x_wconf 81' lang='lat' dir='ltr'><strong>duxit;</strong></span> 
     </span>
     <span class='ocr_line' id='line_1_10' title="bbox 143 803 1420 873; baseline -0.009 -14"><span class='ocrx_word' id='word_1_62' title='bbox 143 812 356 873; x_wconf 81' lang='lat' dir='ltr'><strong>viamque</strong></span> <span class='ocrx_word' id='word_1_63' title='bbox 387 810 440 856; x_wconf 81' lang='lat' dir='ltr'><strong>ab</strong></span> <span class='ocrx_word' id='word_1_64' title='bbox 475 807 725 865; x_wconf 77' lang='lat' dir='ltr'><strong>Placentia,</strong></span> <span class='ocrx_word' id='word_1_65' title='bbox 752 819 803 853; x_wconf 88' lang='lat' dir='ltr'><strong>ut</strong></span> <span class='ocrx_word' id='word_1_66' title='bbox 835 804 1058 851; x_wconf 71' lang='lat' dir='ltr'><strong>Flaminiae</strong></span> <span class='ocrx_word' id='word_1_67' title='bbox 1089 803 1420 859; x_wconf 79' lang='lat' dir='ltr'><strong>committeret,</strong></span> 
     </span>
     <span class='ocr_line' id='line_1_11' title="bbox 144 877 1424 945; baseline -0.007 -14"><span class='ocrx_word' id='word_1_68' title='bbox 144 885 399 932; x_wconf 79' lang='lat' dir='ltr'><strong>Ariminum</strong></span> <span class='ocrx_word' id='word_1_69' title='bbox 426 882 647 945; x_wconf 82' lang='lat' dir='ltr'><strong>perduxit.</strong></span> <span class='ocrx_word' id='word_1_70' title='bbox 678 880 851 926; x_wconf 88' lang='lat' dir='ltr'><strong>Proelio</strong></span> <span class='ocrx_word' id='word_1_71' title='bbox 881 879 1070 935; x_wconf 83' lang='lat' dir='ltr'><strong>ultimo,</strong></span> <span class='ocrx_word' id='word_1_72' title='bbox 1098 894 1190 941; x_wconf 87' lang='lat' dir='ltr'><strong>quo</strong></span> <span class='ocrx_word' id='word_1_73' title='bbox 1216 894 1315 924; x_wconf 86' lang='lat' dir='ltr'><strong>cum</strong></span> <span class='ocrx_word' id='word_1_74' title='bbox 1344 877 1424 923; x_wconf 65' lang='lat' dir='ltr'><strong>Li-&gt;</strong></span> 
     </span>
     <span class='ocr_line' id='line_1_12' title="bbox 144 950 1423 1020; baseline -0.006 -18"><span class='ocrx_word' id='word_1_75' title='bbox 144 957 327 1020; x_wconf 74' lang='lat' dir='ltr'><strong>guribus</strong></span> <span class='ocrx_word' id='word_1_76' title='bbox 353 954 482 1017; x_wconf 80' lang='lat' dir='ltr'><strong>signis</strong></span> <span class='ocrx_word' id='word_1_77' title='bbox 511 952 687 999; x_wconf 78' lang='lat' dir='ltr'><strong>collatis</strong></span> <span class='ocrx_word' id='word_1_78' title='bbox 715 950 948 1007; x_wconf 80' lang='lat' dir='ltr'><strong>conflixit,</strong></span> <span class='ocrx_word' id='word_1_79' title='bbox 972 951 1110 996; x_wconf 84' lang='lat' dir='ltr'><strong>aedem</strong></span> <span class='ocrx_word' id='word_1_80' title='bbox 1140 950 1306 996; x_wconf 89' lang='lat' dir='ltr'><strong>Junoni</strong></span> <span class='ocrx_word' id='word_1_81' title='bbox 1330 950 1423 999; x_wconf 54' lang='lat' dir='ltr'><strong>Re-</strong></span> 
     </span>
     <span class='ocr_line' id='line_1_13' title="bbox 143 1022 1275 1093; baseline -0.006 -18"><span class='ocrx_word' id='word_1_82' title='bbox 143 1031 260 1093; x_wconf 78' lang='lat' dir='ltr'><strong>ginae</strong></span> <span class='ocrx_word' id='word_1_83' title='bbox 291 1028 437 1075; x_wconf 84' lang='lat' dir='ltr'><strong>vovit.</strong></span> <span class='ocrx_word' id='word_1_84' title='bbox 461 1028 570 1073; x_wconf 84' lang='lat' dir='ltr'><strong>Haec</strong></span> <span class='ocrx_word' id='word_1_85' title='bbox 592 1026 638 1070; x_wconf 88' lang='lat' dir='ltr'><strong>in</strong></span> <span class='ocrx_word' id='word_1_86' title='bbox 664 1024 899 1087; x_wconf 78' lang='lat' dir='ltr'><strong>Liguribus</strong></span> <span class='ocrx_word' id='word_1_87' title='bbox 920 1040 976 1070; x_wconf 88' lang='lat' dir='ltr'><strong>eo</strong></span> <span class='ocrx_word' id='word_1_88' title='bbox 1002 1039 1123 1069; x_wconf 81' lang='lat' dir='ltr'><strong>anno</strong></span> <span class='ocrx_word' id='word_1_89' title='bbox 1147 1022 1275 1085; x_wconf 76' lang='lat' dir='ltr'><strong>gesta.</strong></span> 
     </span>
    </p>

    <p class='ocr_par' dir='ltr' id='par_1_3' title="bbox 147 1095 1436 2472">
     <span class='ocr_line' id='line_1_14' title="bbox 211 1095 1425 1159; baseline -0.006 -12"><span class='ocrx_word' id='word_1_90' title='bbox 211 1104 286 1149; x_wconf 71' lang='lat' dir='ltr'><strong>nl.</strong></span> <span class='ocrx_word' id='word_1_91' title='bbox 309 1104 358 1147; x_wconf 87' lang='lat' dir='ltr'><strong>ln</strong></span> <span class='ocrx_word' id='word_1_92' title='bbox 379 1100 524 1146; x_wconf 81' lang='lat' dir='ltr'><strong>Gallia</strong></span> <span class='ocrx_word' id='word_1_93' title='bbox 546 1100 608 1145; x_wconf 83' lang='lat' dir='ltr'><strong>M.</strong></span> <span class='ocrx_word' id='word_1_94' title='bbox 632 1098 784 1144; x_wconf 83' lang='lat' dir='ltr'><strong>Furius</strong></span> <span class='ocrx_word' id='word_1_95' title='bbox 805 1110 970 1159; x_wconf 83' lang='lat' dir='ltr'><strong>praetor</strong></span> <span class='ocrx_word' id='word_1_96' title='bbox 997 1095 1246 1142; x_wconf 76' lang='lat' dir='ltr'><strong>insontibus</strong></span> <span class='ocrx_word' id='word_1_97' title='bbox 1269 1096 1425 1141; x_wconf 88' lang='lat' dir='ltr'><strong>Ceno-</strong></span> 
     </span>
     <span class='ocr_line' id='line_1_15' title="bbox 148 1167 1424 1233; baseline -0.007 -13"><span class='ocrx_word' id='word_1_98' title='bbox 148 1173 311 1231; x_wconf 82' lang='lat' dir='ltr'><strong>manis,</strong></span> <span class='ocrx_word' id='word_1_99' title='bbox 345 1173 391 1218; x_wconf 90' lang='lat' dir='ltr'><strong>in</strong></span> <span class='ocrx_word' id='word_1_100' title='bbox 426 1187 534 1233; x_wconf 86' lang='lat' dir='ltr'><strong>pace</strong></span> <span class='ocrx_word' id='word_1_101' title='bbox 571 1169 760 1232; x_wconf 84' lang='lat' dir='ltr'><strong>speciem</strong></span> <span class='ocrx_word' id='word_1_102' title='bbox 804 1169 909 1214; x_wconf 83' lang='lat' dir='ltr'><strong>belli</strong></span> <span class='ocrx_word' id='word_1_103' title='bbox 940 1184 1172 1230; x_wconf 72' lang='lat' dir='ltr'><strong>quaerens,</strong></span> <span class='ocrx_word' id='word_1_104' title='bbox 1202 1167 1424 1213; x_wconf 79' lang='lat' dir='ltr'><strong>ademerat</strong></span> 
     </span>
     <span class='ocr_line' id='line_1_16' title="bbox 147 1239 1424 1304; baseline -0.007 -13"><span class='ocrx_word' id='word_1_105' title='bbox 147 1262 279 1292; x_wconf 79' lang='lat' dir='ltr'><strong>arma.</strong></span> <span class='ocrx_word' id='word_1_106' title='bbox 300 1245 344 1290; x_wconf 87' lang='lat' dir='ltr'><strong>ld</strong></span> <span class='ocrx_word' id='word_1_107' title='bbox 364 1242 615 1290; x_wconf 82' lang='lat' dir='ltr'><strong>Cenomani</strong></span> <span class='ocrx_word' id='word_1_108' title='bbox 636 1241 869 1304; x_wconf 81' lang='lat' dir='ltr'><strong>conquesti</strong></span> <span class='ocrx_word' id='word_1_109' title='bbox 888 1242 1047 1286; x_wconf 77' lang='lat' dir='ltr'><strong>Romae</strong></span> <span class='ocrx_word' id='word_1_110' title='bbox 1065 1241 1183 1301; x_wconf 74' lang='lat' dir='ltr'><strong>apud</strong></span> <span class='ocrx_word' id='word_1_111' title='bbox 1201 1239 1395 1285; x_wconf 81' lang='lat' dir='ltr'><strong>senatum</strong></span> <span class='ocrx_word' id='word_1_112' title='bbox 1409 1273 1424 1295; x_wconf 93' lang='lat'><strong>,</strong></span> 
     </span>
     <span class='ocr_line' id='line_1_17' title="bbox 148 1313 1429 1380; baseline -0.007 -16"><span class='ocrx_word' id='word_1_113' title='bbox 148 1317 386 1380; x_wconf 56' lang='lat' dir='ltr'><strong>rejefi‘rique</strong></span> <span class='ocrx_word' id='word_1_114' title='bbox 416 1316 472 1362; x_wconf 81' lang='lat' dir='ltr'><strong>ad</strong></span> <span class='ocrx_word' id='word_1_115' title='bbox 501 1313 730 1361; x_wconf 87' lang='lat' dir='ltr'><strong>consulem</strong></span> <span class='ocrx_word' id='word_1_116' title='bbox 756 1314 1012 1370; x_wconf 84' lang='lat' dir='ltr'><strong>AEmilium,</strong></span> <span class='ocrx_word' id='word_1_117' title='bbox 1045 1313 1141 1370; x_wconf 86' lang='lat' dir='ltr'><strong>cui,</strong></span> <span class='ocrx_word' id='word_1_118' title='bbox 1172 1324 1222 1358; x_wconf 87' lang='lat' dir='ltr'><strong>ut</strong></span> <span class='ocrx_word' id='word_1_119' title='bbox 1253 1326 1429 1373; x_wconf 81' lang='lat' dir='ltr'><strong>cogno-</strong></span> 
     </span>
     <span class='ocr_line' id='line_1_18' title="bbox 149 1386 1429 1451; baseline -0.006 -13"><span class='ocrx_word' id='word_1_120' title='bbox 149 1391 286 1439; x_wconf 86' lang='lat' dir='ltr'><strong>sceret</strong></span> <span class='ocrx_word' id='word_1_121' title='bbox 306 1391 600 1451; x_wconf 79' lang='lat' dir='ltr'><strong>statueretque</strong></span> <span class='ocrx_word' id='word_1_122' title='bbox 615 1424 627 1446; x_wconf 89' lang='lat'><strong>,</strong></span> <span class='ocrx_word' id='word_1_123' title='bbox 651 1387 822 1433; x_wconf 82' lang='lat' dir='ltr'><strong>senatus</strong></span> <span class='ocrx_word' id='word_1_124' title='bbox 842 1386 1096 1449; x_wconf 83' lang='lat' dir='ltr'><strong>permiserat</strong></span> <span class='ocrx_word' id='word_1_125' title='bbox 1110 1423 1122 1442; x_wconf 93' lang='lat'><strong>,</strong></span> <span class='ocrx_word' id='word_1_126' title='bbox 1143 1401 1307 1448; x_wconf 68' lang='lat' dir='ltr'><strong>magno</strong></span> <span class='ocrx_word' id='word_1_127' title='bbox 1329 1401 1429 1430; x_wconf 83' lang='lat' dir='ltr'><strong>cer·</strong></span> 
     </span>
     <span class='ocr_line' id='line_1_19' title="bbox 149 1454 1431 1521; baseline -0.006 -13"><span class='ocrx_word' id='word_1_128' title='bbox 149 1461 315 1508; x_wconf 79' lang='lat' dir='ltr'><strong>tamine</strong></span> <span class='ocrx_word' id='word_1_129' title='bbox 354 1476 454 1507; x_wconf 88' lang='lat' dir='ltr'><strong>cum</strong></span> <span class='ocrx_word' id='word_1_130' title='bbox 497 1474 690 1521; x_wconf 83' lang='lat' dir='ltr'><strong>praetore</strong></span> <span class='ocrx_word' id='word_1_131' title='bbox 733 1458 919 1516; x_wconf 76' lang='lat' dir='ltr'><strong>habim,</strong></span> <span class='ocrx_word' id='word_1_132' title='bbox 957 1469 1199 1503; x_wconf 84' lang='lat' dir='ltr'><strong>tenuerunt</strong></span> <span class='ocrx_word' id='word_1_133' title='bbox 1240 1454 1431 1502; x_wconf 57' lang='lat' dir='ltr'><strong>causamn</strong></span> 
     </span>
     <span class='ocr_line' id='line_1_20' title="bbox 149 1529 1430 1592; baseline -0.008 -10"><span class='ocrx_word' id='word_1_134' title='bbox 149 1553 269 1583; x_wconf 66' lang='lat' dir='ltr'><strong>arma</strong></span> <span class='ocrx_word' id='word_1_135' title='bbox 290 1535 470 1580; x_wconf 87' lang='lat' dir='ltr'><strong>reddere</strong></span> <span class='ocrx_word' id='word_1_136' title='bbox 490 1531 786 1586; x_wconf 80' lang='lat' dir='ltr'><strong>Cenomanis,</strong></span> <span class='ocrx_word' id='word_1_137' title='bbox 807 1531 1018 1578; x_wconf 83' lang='lat' dir='ltr'><strong>decedere</strong></span> <span class='ocrx_word' id='word_1_138' title='bbox 1042 1529 1286 1592; x_wconf 75' lang='lat' dir='ltr'><strong>provincia</strong></span> <span class='ocrx_word' id='word_1_139' title='bbox 1317 1545 1430 1589; x_wconf 64' lang='lat' dir='ltr'><strong>pne-</strong></span> 
     </span>
     <span class='ocr_line' id='line_1_21' title="bbox 151 1600 1430 1668; baseline -0.009 -13"><span class='ocrx_word' id='word_1_140' title='bbox 151 1607 393 1668; x_wconf 74' lang='lat' dir='ltr'><strong>torjuffus.</strong></span> <span class='ocrx_word' id='word_1_141' title='bbox 419 1605 587 1668; x_wconf 74' lang='lat' dir='ltr'><strong>Legatis</strong></span> <span class='ocrx_word' id='word_1_142' title='bbox 608 1605 767 1650; x_wconf 86' lang='lat' dir='ltr'><strong>deinde</strong></span> <span class='ocrx_word' id='word_1_143' title='bbox 796 1603 1021 1649; x_wconf 86' lang='lat' dir='ltr'><strong>sociorum</strong></span> <span class='ocrx_word' id='word_1_144' title='bbox 1043 1601 1187 1648; x_wconf 77' lang='lat' dir='ltr'><strong>Latini</strong></span> <span class='ocrx_word' id='word_1_145' title='bbox 1206 1600 1430 1656; x_wconf 85' lang='lat' dir='ltr'><strong>nominis,</strong></span> 
     </span>
     <span class='ocr_line' id='line_1_22' title="bbox 149 1675 1428 1742; baseline -0.006 -17"><span class='ocrx_word' id='word_1_146' title='bbox 149 1679 228 1742; x_wconf 89' lang='lat' dir='ltr'><strong>qui</strong></span> <span class='ocrx_word' id='word_1_147' title='bbox 251 1691 352 1725; x_wconf 88' lang='lat' dir='ltr'><strong>toto</strong></span> <span class='ocrx_word' id='word_1_148' title='bbox 372 1678 570 1740; x_wconf 85' lang='lat' dir='ltr'><strong>undique</strong></span> <span class='ocrx_word' id='word_1_149' title='bbox 591 1693 645 1723; x_wconf 71' lang='lat' dir='ltr'><strong>ex</strong></span> <span class='ocrx_word' id='word_1_150' title='bbox 665 1676 796 1722; x_wconf 82' lang='lat' dir='ltr'><strong>Latio</strong></span> <span class='ocrx_word' id='word_1_151' title='bbox 818 1675 1070 1736; x_wconf 69' lang='lat' dir='ltr'><strong>frequentes</strong></span> <span class='ocrx_word' id='word_1_152' title='bbox 1093 1685 1428 1727; x_wconf 72' lang='lat' dir='ltr'><strong>convenerant,</strong></span> 
     </span>
     <span class='ocr_line' id='line_1_23' title="bbox 152 1746 1430 1812; baseline -0.008 -12"><span class='ocrx_word' id='word_1_153' title='bbox 152 1753 324 1800; x_wconf 78' lang='lat' dir='ltr'><strong>senatus</strong></span> <span class='ocrx_word' id='word_1_154' title='bbox 351 1752 476 1797; x_wconf 78' lang='lat' dir='ltr'><strong>datus</strong></span> <span class='ocrx_word' id='word_1_155' title='bbox 505 1750 577 1797; x_wconf 85' lang='lat' dir='ltr'><strong>est.</strong></span> <span class='ocrx_word' id='word_1_156' title='bbox 608 1751 675 1797; x_wconf 86' lang='lat' dir='ltr'><strong>his</strong></span> <span class='ocrx_word' id='word_1_157' title='bbox 705 1749 1020 1812; x_wconf 81' lang='lat' dir='ltr'><strong>querentibus,</strong></span> <span class='ocrx_word' id='word_1_158' title='bbox 1041 1763 1245 1810; x_wconf 76' lang='lat' dir='ltr'><strong>magnam</strong></span> <span class='ocrx_word' id='word_1_159' title='bbox 1273 1746 1430 1791; x_wconf 78' lang='lat' dir='ltr'><strong>multi-</strong></span> 
     </span>
     <span class='ocr_line' id='line_1_24' title="bbox 153 1821 1432 1884; baseline -0.008 -9"><span class='ocrx_word' id='word_1_160' title='bbox 153 1829 355 1875; x_wconf 77' lang='lat' dir='ltr'><strong>tudinem</strong></span> <span class='ocrx_word' id='word_1_161' title='bbox 385 1825 553 1873; x_wconf 80' lang='lat' dir='ltr'><strong>civium</strong></span> <span class='ocrx_word' id='word_1_162' title='bbox 584 1825 765 1871; x_wconf 82' lang='lat' dir='ltr'><strong>suorum</strong></span> <span class='ocrx_word' id='word_1_163' title='bbox 795 1825 988 1870; x_wconf 81' lang='lat' dir='ltr'><strong>Romam</strong></span> <span class='ocrx_word' id='word_1_164' title='bbox 1019 1821 1352 1884; x_wconf 68' lang='lat' dir='ltr'><strong>commigrass&#39;e,</strong></span> <span class='ocrx_word' id='word_1_165' title='bbox 1380 1821 1432 1866; x_wconf 85' lang='lat'>&amp;</span> 
     </span>
     <span class='ocr_line' id='line_1_25' title="bbox 154 1894 1434 1958; baseline -0.006 -11"><span class='ocrx_word' id='word_1_166' title='bbox 154 1900 218 1949; x_wconf 88' lang='lat' dir='ltr'><strong>ibi</strong></span> <span class='ocrx_word' id='word_1_167' title='bbox 250 1900 405 1947; x_wconf 88' lang='lat' dir='ltr'><strong>censos</strong></span> <span class='ocrx_word' id='word_1_168' title='bbox 431 1898 542 1954; x_wconf 80' lang='lat' dir='ltr'><strong>effe,</strong></span> <span class='ocrx_word' id='word_1_169' title='bbox 567 1900 630 1958; x_wconf 83' lang='lat' dir='ltr'><strong>Q.</strong></span> <span class='ocrx_word' id='word_1_170' title='bbox 652 1898 871 1944; x_wconf 86' lang='lat' dir='ltr'><strong>Terentio</strong></span> <span class='ocrx_word' id='word_1_171' title='bbox 898 1895 1114 1943; x_wconf 87' lang='lat' dir='ltr'><strong>Culleoni</strong></span> <span class='ocrx_word' id='word_1_172' title='bbox 1140 1894 1322 1957; x_wconf 78' lang='lat' dir='ltr'><strong>praetori</strong></span> <span class='ocrx_word' id='word_1_173' title='bbox 1350 1910 1434 1939; x_wconf 89' lang='lat' dir='ltr'><strong>ne-</strong></span> 
     </span>
     <span class='ocr_line' id='line_1_26' title="bbox 154 1966 1432 2036; baseline -0.005 -18"><span class='ocrx_word' id='word_1_174' title='bbox 154 1972 329 2036; x_wconf 83' lang='lat' dir='ltr'><strong>gotium</strong></span> <span class='ocrx_word' id='word_1_175' title='bbox 350 1972 499 2017; x_wconf 80' lang='lat' dir='ltr'><strong>datum</strong></span> <span class='ocrx_word' id='word_1_176' title='bbox 520 1970 604 2027; x_wconf 88' lang='lat' dir='ltr'><strong>est,</strong></span> <span class='ocrx_word' id='word_1_177' title='bbox 624 1982 673 2015; x_wconf 78' lang='lat' dir='ltr'><strong>ur</strong></span> <span class='ocrx_word' id='word_1_178' title='bbox 693 1986 770 2016; x_wconf 88' lang='lat' dir='ltr'><strong>eos</strong></span> <span class='ocrx_word' id='word_1_179' title='bbox 790 1968 1110 2031; x_wconf 69' lang='lat' dir='ltr'><strong>conquireret,</strong></span> <span class='ocrx_word' id='word_1_180' title='bbox 1127 1969 1204 2025; x_wconf 87' lang='lat'><strong>&amp;,</strong></span> <span class='ocrx_word' id='word_1_181' title='bbox 1224 1982 1355 2029; x_wconf 90' lang='lat' dir='ltr'><strong>quem</strong></span> <span class='ocrx_word' id='word_1_182' title='bbox 1376 1966 1432 2012; x_wconf 90' lang='lat' dir='ltr'><strong>C.</strong></span> 
     </span>
     <span class='ocr_line' id='line_1_27' title="bbox 156 2038 1433 2102; baseline -0.006 -11"><span class='ocrx_word' id='word_1_183' title='bbox 156 2045 382 2101; x_wconf 83' lang='lat' dir='ltr'><strong>Claudio,</strong></span> <span class='ocrx_word' id='word_1_184' title='bbox 410 2045 473 2089; x_wconf 75' lang='lat' dir='ltr'><strong>M,</strong></span> <span class='ocrx_word' id='word_1_185' title='bbox 506 2043 641 2088; x_wconf 86' lang='lat' dir='ltr'><strong>Livio</strong></span> <span class='ocrx_word' id='word_1_186' title='bbox 673 2041 956 2097; x_wconf 84' lang='lat' dir='ltr'><strong>censoribus,</strong></span> <span class='ocrx_word' id='word_1_187' title='bbox 980 2040 1140 2102; x_wconf 81' lang='lat' dir='ltr'><strong>postve</strong></span> <span class='ocrx_word' id='word_1_188' title='bbox 1166 2056 1245 2085; x_wconf 86' lang='lat' dir='ltr'><strong>eos</strong></span> <span class='ocrx_word' id='word_1_189' title='bbox 1272 2038 1433 2084; x_wconf 80' lang='lat' dir='ltr'><strong>censo-</strong></span> 
     </span>
     <span class='ocr_line' id='line_1_28' title="bbox 156 2108 1436 2177; baseline -0.006 -16"><span class='ocrx_word' id='word_1_190' title='bbox 156 2132 249 2172; x_wconf 85' lang='lat' dir='ltr'><strong>res,</strong></span> <span class='ocrx_word' id='word_1_191' title='bbox 275 2115 414 2177; x_wconf 85' lang='lat' dir='ltr'><strong>ipsum</strong></span> <span class='ocrx_word' id='word_1_192' title='bbox 444 2127 734 2176; x_wconf 80' lang='lat' dir='ltr'><strong>parentemve</strong></span> <span class='ocrx_word' id='word_1_193' title='bbox 767 2112 862 2173; x_wconf 79' lang='lat' dir='ltr'><strong>ejus</strong></span> <span class='ocrx_word' id='word_1_194' title='bbox 892 2112 1008 2173; x_wconf 80' lang='lat' dir='ltr'><strong>apud</strong></span> <span class='ocrx_word' id='word_1_195' title='bbox 1039 2110 1079 2157; x_wconf 90' lang='lat' dir='ltr'><strong>se</strong></span> <span class='ocrx_word' id='word_1_196' title='bbox 1111 2110 1287 2157; x_wconf 87' lang='lat' dir='ltr'><strong>censum</strong></span> <span class='ocrx_word' id='word_1_197' title='bbox 1318 2108 1436 2165; x_wconf 81' lang='lat' dir='ltr'><strong>effe,</strong></span> 
     </span>
     <span class='ocr_line' id='line_1_29' title="bbox 157 2179 1432 2252; baseline -0.009 -16"><span class='ocrx_word' id='word_1_198' title='bbox 157 2188 411 2252; x_wconf 79' lang='lat' dir='ltr'><strong>probaffent</strong></span> <span class='ocrx_word' id='word_1_199' title='bbox 448 2187 581 2245; x_wconf 85' lang='lat' dir='ltr'><strong>socii,</strong></span> <span class='ocrx_word' id='word_1_200' title='bbox 610 2199 659 2232; x_wconf 85' lang='lat' dir='ltr'><strong>ut</strong></span> <span class='ocrx_word' id='word_1_201' title='bbox 693 2185 837 2231; x_wconf 88' lang='lat' dir='ltr'><strong>redire</strong></span> <span class='ocrx_word' id='word_1_202' title='bbox 869 2201 924 2231; x_wconf 90' lang='lat' dir='ltr'><strong>eo</strong></span> <span class='ocrx_word' id='word_1_203' title='bbox 963 2196 1174 2247; x_wconf 80' lang='lat' dir='ltr'><strong>cogeret,</strong></span> <span class='ocrx_word' id='word_1_204' title='bbox 1206 2183 1281 2227; x_wconf 87' lang='lat' dir='ltr'><strong>ubi</strong></span> <span class='ocrx_word' id='word_1_205' title='bbox 1314 2179 1432 2226; x_wconf 77' lang='lat' dir='ltr'><strong>censi</strong></span> 
     </span>
     <span class='ocr_line' id='line_1_30' title="bbox 157 2252 1433 2321; baseline -0.008 -16"><span class='ocrx_word' id='word_1_206' title='bbox 157 2261 306 2306; x_wconf 80' lang='lat' dir='ltr'><strong>effent.</strong></span> <span class='ocrx_word' id='word_1_207' title='bbox 332 2261 427 2306; x_wconf 74' lang='lat' dir='ltr'><strong>Hac</strong></span> <span class='ocrx_word' id='word_1_208' title='bbox 457 2257 789 2321; x_wconf 85' lang='lat' dir='ltr'><strong>conquifitione</strong></span> <span class='ocrx_word' id='word_1_209' title='bbox 817 2256 1055 2302; x_wconf 88' lang='lat' dir='ltr'><strong>duodecim</strong></span> <span class='ocrx_word' id='word_1_210' title='bbox 1080 2255 1218 2300; x_wconf 81' lang='lat' dir='ltr'><strong>millia</strong></span> <span class='ocrx_word' id='word_1_211' title='bbox 1246 2252 1433 2298; x_wconf 73' lang='lat' dir='ltr'><strong>Latino-</strong></span> 
     </span>
     <span class='ocr_line' id='line_1_31' title="bbox 158 2326 1434 2391; baseline -0.007 -10"><span class='ocrx_word' id='word_1_212' title='bbox 158 2353 256 2382; x_wconf 86' lang='lat' dir='ltr'><strong>rum</strong></span> <span class='ocrx_word' id='word_1_213' title='bbox 281 2335 442 2380; x_wconf 88' lang='lat' dir='ltr'><strong>domos</strong></span> <span class='ocrx_word' id='word_1_214' title='bbox 462 2334 688 2379; x_wconf 83' lang='lat' dir='ltr'><strong>redierunt</strong></span> <span class='ocrx_word' id='word_1_215' title='bbox 703 2368 716 2389; x_wconf 84' lang='lat'><strong>,</strong></span> <span class='ocrx_word' id='word_1_216' title='bbox 741 2331 826 2391; x_wconf 73' lang='lat' dir='ltr'><strong>jam</strong></span> <span class='ocrx_word' id='word_1_217' title='bbox 850 2343 944 2378; x_wconf 87' lang='lat' dir='ltr'><strong>tum</strong></span> <span class='ocrx_word' id='word_1_218' title='bbox 964 2328 1248 2377; x_wconf 83' lang='lat' dir='ltr'><strong>multitudine</strong></span> <span class='ocrx_word' id='word_1_219' title='bbox 1275 2326 1434 2384; x_wconf 59' lang='lat' dir='ltr'><strong>alieni-2</strong></span> 
     </span>
     <span class='ocr_line' id='line_1_32' title="bbox 159 2407 800 2472; baseline -0.006 -17"><span class='ocrx_word' id='word_1_220' title='bbox 159 2424 371 2472; x_wconf 77' lang='lat' dir='ltr'><strong>genarum</strong></span> <span class='ocrx_word' id='word_1_221' title='bbox 392 2407 550 2455; x_wconf 84' lang='lat' dir='ltr'><strong>urbem</strong></span> <span class='ocrx_word' id='word_1_222' title='bbox 571 2417 800 2454; x_wconf 81' lang='lat' dir='ltr'><strong>onerante.</strong></span> 
     </span>
    </p>
   </div>
  </div>
 </body>
</html>
