1618 2715
211 92 307 158 '398
573 92 1142 140 T1T1L1v11

214 212 345 254 runt,
377 214 524 246 cuneo
557 198 891 260 impressionem
924 197 1139 245 fecerunt.
1186 214 1281 263 quo
1318 211 1494 249 tantum

214 274 368 320 valent
407 289 566 336 genere
601 288 762 334 pugnae
780 307 794 328 ‚
828 283 904 328 ut,
936 288 1205 335 quacunque
1240 286 1362 336 parte
1393 291 1494 336 per·

217 347 369 394 culere
402 346 571 407 impetu
599 344 708 399 suo,
734 343 934 389 sustineri
966 357 1203 406 nequeant.
1234 359 1344 392 tunc
1372 362 1494 409 quo-

214 435 304 481 que
328 418 517 464 turbatae
538 417 738 480 legiones
759 415 889 473 sunt,
912 433 1056 479 prope
1085 417 1333 481 interrupta
1358 419 1496 468 acies.

215 494 368 550 Quam
400 490 745 552 trepidationem
772 488 850 535 ubi
876 490 1057 537 Flaccus
1082 490 1344 553 conspexit,
1372 508 1495 555 equo

216 561 456 610 advehitur
485 563 539 608 ad
559 561 834 625 legionarios
860 562 1057 625 equites:
1080 564 1128 611 &
1144 595 1159 618 ,
1178 566 1348 625 Ecquid
1365 568 1496 611 auxi-

215 640 264 682 lii
283 640 329 682 irz
348 638 466 682 vobis
483 636 568 702 ss?
595 639 641 680 A
646 635 748 681 c‘lum
767 635 867 693 jam
887 640 934 681 de
956 638 1032 682 lzoc
1053 639 1231 682 exercitu
1248 640 1321 683 erit
1332 640 1357 683 Β
1391 654 1496 685 cum

213 709 416 772 undique
445 707 752 756 acclamassent
770 745 784 768 ,
809 714 913 770 quin
940 714 1089 769 ederet,
1116 714 1221 772 quid
1241 713 1337 771 fieri
1361 716 1457 759 velit
1472 731 1496 769 ;

214 800 300 828 nort
322 783 507 843 segniter
528 783 743 841 imperium
761 784 1033 843 exsecuturos.
1063 787 1293 846 Duplicate
1309 802 1496 843 turmas,

215 856 362 918 inquit
380 891 394 913 ‚
415 858 590 902 duarum
619 859 824 917 legionum
853 860 1028 917 equites,
1060 856 1103 903 G*
1121 860 1345 918 permittite
1372 876 1496 919 equos

216 931 263 975 itz
290 947 461 975 cuneum
488 929 659 993 hostium
673 963 687 986 ,
706 948 784 990 quo
806 932 961 996 nostros
988 949 1142 993 urgent.
1170 934 1219 978 id
1235 951 1324 978 cum
1342 933 1497 991 majore

215 1006 260 1050 νί
277 1022 464 1064 equorum
475 1002 673 1061 facieti5‚
689 1003 741 1066 st
765 1001 985 1065 ffenatos
1005 1008 1050 1049 in
1073 1024 1139 1051 eos
1162 1025 1282 1067 equos
1302 1010 1496 1053 immitti-

213 1078 272 1123 tis
289 1095 304 1121 .·
336 1080 451 1138 quod
463 1079 576 1139 fiepe
596 1079 813 1122 Romanos
831 1080 981 1138 equites
1000 1097 1089 1123 cum
1110 1098 1265 1142 magna
1287 1084 1409 1126 laude
1423 1080 1496 1139 fe-

214 1149 399 1213 ciffisita
412 1184 426 1208 ,
445 1153 865 1211 memoriaeproditum
885 1152 947 1215 est.
966 1150 1106 1197 Dicto
1128 1164 1373 1214 paruerunt
1386 1187 1399 1209 ,
1420 1152 1498 1197 de·

213 1218 445 1285 trafiisqile
474 1221 610 1269 frenis
631 1223 696 1268 bis
716 1222 838 1269 ultro
858 1224 1064 1285 citroque
1085 1241 1187 1271 cum
1207 1242 1365 1288 magna
1385 1224 1496 1272 stra-

214 1313 269 1360 ge
300 1296 526 1353 hostium,
557 1293 754 1342 infractis
786 1296 999 1343 omnibus
1032 1296 1193 1354 hastis,
1223 1297 1497 1345 transcurre-

213 1383 335 1418 runt.
366 1369 591 1432 Diffipato
623 1386 797 1428 cuneo,
819 1370 865 1415 in
895 1387 987 1434 quo
1017 1371 1166 1419 omnis
1195 1371 1289 1434 spes
1319 1371 1495 1432 fuerat,

215 1443 435 1490 Celtiberi
470 1443 690 1505 trepidare
708 1479 722 1502 ,
756 1445 834 1502 &,
864 1461 1007 1508 prope
1037 1446 1192 1492 omissa
1219 1463 1398 1509 pugna,
1422 1446 1496 1501 lo-

214 1533 317 1563 cum
332 1515 448 1579 fugae
465 1515 820 1577 circumspicere.
838 1519 895 1562 Et
913 1516 1038 1563 alarii
1052 1517 1237 1581 equites..
1257 1517 1498 1580 postquam

214 1590 530 1645 Romanorum
558 1589 757 1651 equitum
785 1602 874 1636 tam
902 1591 1193 1637 memorabile
1221 1590 1395 1637 facinus
1421 1589 1496 1637 vi-

213 1662 342 1719 dere,
363 1663 412 1709 &
434 1661 537 1724 ipfi,
558 1662 728 1709 virtute
749 1678 909 1708 eorum
933 1663 1104 1710 accensi
1119 1699 1131 1721 ‚
1154 1663 1244 1709 fine
1264 1663 1394 1709 ullius
1412 1662 1495 1708 im-

214 1737 345 1795 perio
374 1735 421 1781 in
453 1737 736 1798 perturbatos
768 1735 855 1796 jam
886 1738 1032 1785 hostes
1063 1755 1204 1802 equos
1232 1737 1496 1784 immittunt.

193 1811 346 1857 =Tunc
366 1826 480 1857 vero
501 1810 717 1857 Celtiberi
740 1826 897 1857 omnes
926 1811 971 1858 in
1000 1811 1149 1875 fugam
1176 1810 1496 1869 effunduntur,

212 1881 269 1927 ὅε
291 1880 538 1942 imperator
557 1883 786 1928 Romanus
801 1917 814 1939 ,
838 1882 1020 1929 aversos
1041 1881 1191 1928 hostes
1216 1880 1494 1943 contempla-

215 1969 287 2000 tus
302 1989 315 2011 ‚
339 1954 476 1999 aedem
496 1956 707 2000 Fortunae
729 1954 929 2017 Equestri
944 1990 957 2012 ‚
979 1955 1173 2017 Iovique
1202 1954 1378 2017 optimo
1397 1971 1495 2000 ma-

215 2027 344 2073 ximo
375 2026 506 2073 ludos
533 2028 686 2075 vovit.
722 2028 973 2074 Caeduntur
1001 2027 1218 2075 Celtiberi
1239 2045 1319 2091 per
1345 2039 1495 2074 totum

216 2102 373 2149 saltum
403 2102 594 2164 dissipati
624 2102 740 2166 fuga.
781 2103 934 2149 decem
962 2103 1011 2149 δέ
1038 2101 1204 2164 septem
1237 2102 1377 2148 millia
1407 2102 1495 2147 ho-

214 2174 347 2221 stium
378 2173 484 2221 caesa
512 2191 568 2221 eo
594 2175 665 2222 die
695 2175 929 2221 traduntur
952 2190 962 2218 :
991 2175 1091 2223 vivi
1121 2176 1238 2237 capti
1262 2176 1358 2237 plus
1386 2190 1495 2237 qua-

212 2258 321 2293 tuor
342 2246 481 2293 millia
495 2283 510 2304 ‚
529 2247 732 2294 ducentis
753 2247 1029 2310 septuaginta
1049 2247 1214 2309 septem
1240 2264 1340 2294 cum
1362 2247 1494 2309 signis

214 2320 496 2379 militaribus,
514 2321 638 2384 equis
655 2339 798 2384 prope
819 2322 940 2368 mille
963 2336 1157 2369 centum.
1176 2321 1323 2367 Nullis
1343 2320 1493 2368 castris

213 2407 272 2440 eo
292 2394 362 2442 die
384 2393 773 2454 xri-&orexercitus
791 2396 964 2456 mansit.
995 2395 1186 2451 viitoria
1206 2411 1302 2444 non
1320 2395 1409 2443 fine
1428 2392 1492 2456 ja-
