1618 2715
198 121 284 168 154
538 102 1098 152 TITILIVII

192 210 365 258 claffem
389 211 444 257 ad
464 211 637 257 Samum
654 249 666 268 ‚
691 210 980 258 circumseffis
1008 211 1061 256 ad
1082 208 1249 256 exitum
1272 208 1473 256 faucibus

189 297 377 348 portus,
397 286 711 350 expugnasset,
744 285 802 332 fic
832 287 879 332 &
911 287 1160 331 Romanam
1194 296 1471 347 expugnatu-

188 377 301 406 rum.
338 377 421 406 nec
456 360 517 406 est
555 360 769 406 diflimilis
812 372 967 406 natura
996 358 1102 405 loci.
1138 358 1472 405 promontoriis

188 431 457 478 coeuntibus
479 433 593 479 inter
622 432 663 478 se
683 432 738 479 ita
756 432 975 480 clauditur
996 442 1153 493 portus
1169 466 1182 488 ‚
1203 441 1251 476 ut
1269 430 1350 475 vix
1374 431 1472 476 duae

188 501 315 547 fimul
334 501 437 548 inde
456 519 591 550 naves
609 503 774 565 poffint
792 503 928 549 exire.
960 501 1105 548 Nocte
1127 501 1350 564 occupare
1372 500 1471 546 sau-

189 591 261 621 ces
285 575 590 640 Polyxenidas
613 576 658 622 in
677 577 830 622 animo
857 574 1070 631 habebat,
1094 574 1144 622 &
1161 609 1175 631 ‚
1194 574 1318 621 denis
1339 574 1471 621 navi-

187 648 269 696 bus
287 649 342 694 ad
359 649 676 711 promontoria
698 648 911 695 stantibus
925 685 938 704 ,
961 665 1060 711 quae
1079 649 1133 694 ab
1152 660 1345 711 utroque
1365 664 1474 696 cor--¹

188 737 249 766 nu
277 720 322 766 in
352 721 488 767 latera
514 721 775 767 exeuntium
807 720 996 768 navium
1022 734 1295 783 pugnarent,
1320 736 1375 764 ex
1401 731 1474 765 ce··¹

188 805 280 838 tera
311 792 464 849 claffe,
489 794 598 841 sicut
620 795 673 840 ad
703 796 976 840 panormum
1007 793 1174 839 fecerat
1190 828 1202 850 ,
1224 792 1400 839 armatis
1424 792 1473 838 in

185 866 317 913 litora
345 866 585 930 expofiti3‚
605 879 721 914 terra
753 867 953 931 marique
983 866 1112 913 fimul
1143 864 1290 912 hostes
1320 865 1473 927 oppri-

186 956 320 986 mere.
367 940 493 998 quod
524 956 617 986 non
650 956 820 986 vanum
848 940 886 986 ei
919 939 1154 987 confilium
1191 937 1364 995 fuisset,
1392 935 1436 982 ni
1455 971 1475 995 ,

188 1029 292 1058 cum
312 1011 414 1073 Teji
435 1011 628 1059 facturos
648 1012 690 1059 se
710 1013 924 1076 imperata
944 1010 1265 1074 promififfent‚
1282 1010 1337 1056 ad
1353 1009 1475 1057 acci-

187 1085 377 1148 piendos
407 1098 682 1132 commeatus
703 1086 846 1148 aptius
870 1085 1015 1132 visum
1035 1084 1138 1130 effet
1159 1083 1399 1138 Romanis,
1422 1083 1472 1129 in

188 1173 289 1203 eum
310 1167 493 1219 portum
508 1192 520 1214 ‚
551 1157 628 1220 qui
648 1170 749 1203 ante
773 1156 929 1203 urbem
957 1155 1017 1202 est
1032 1191 1046 1213 ‚
1069 1154 1239 1202 claffem
1273 1154 1472 1201 transire,

188 1228 374 1276 Dicitur
394 1231 442 1276 &
462 1229 686 1275 Eudamus
705 1229 910 1275 Rhodius
930 1228 1094 1276 vitium
1112 1227 1292 1273 alterius
1310 1237 1472 1288 portus

189 1301 449 1360 ostendisse,
477 1318 578 1348 cum
601 1301 719 1348 forte
746 1302 845 1348 duae
869 1317 1005 1349 naves
1031 1300 1077 1346 in
1104 1300 1226 1346 arcto
1248 1299 1365 1345 ostio
1388 1299 1474 1345 im-

188 1374 373 1439 plicitos
403 1390 553 1421 remos
589 1373 826 1437 fregiffent.
865 1376 915 1422 δε
946 1374 1064 1420 inter
1095 1373 1179 1420 alia
1209 1373 1255 1419 id
1282 1368 1477 1436 'quoque

188 1447 340 1494 movit
374 1458 640 1510 praetorem,
666 1458 717 1492 ut
749 1446 999 1494 traduceret
1034 1446 1232 1504 classem,
1262 1445 1388 1508 quod
1417 1445 1474 1492 ab

188 1532 302 1566 terra
335 1519 586 1583 periculum
612 1530 732 1579 erat,
763 1519 881 1566 haud
913 1520 1076 1583 procul
1107 1518 1210 1565 inde
1237 1517 1473 1566 Antiocho

188 1593 347 1642 stativa
375 1593 581 1640 habente.

251 1667 429 1714 XXIX.
463 1666 685 1712 Traducta
713 1664 839 1713 claffe
856 1665 911 1712 ad
933 1665 1087 1712 urbem
1105 1701 1120 1722 ,
1140 1664 1304 1728 ignaris
1323 1663 1473 1712 omni·

188 1739 302 1798 bus,
332 1738 484 1803 egreffi
519 1738 684 1785 milites
714 1750 948 1801 nautaeque
980 1737 1079 1783 sunt
1112 1738 1167 1783 ad
1193 1749 1471 1784 commeatus

188 1817 238 1862 δε
260 1813 419 1861 vinum
443 1813 634 1860 maxime
660 1813 952 1860 dividendum
981 1811 1028 1857 in
1060 1828 1223 1867 naves;
1256 1828 1356 1858 cum
1377 1827 1472 1858 me-

188 1889 266 1935 dio
297 1887 417 1936 forte
448 1888 535 1935 diei
567 1888 746 1952 agrestis
783 1887 994 1952 quidam,
1028 1887 1084 1933 ad
1117 1897 1358 1950 praetorem
1393 1886 1473 1932 ad-

189 1963 343 2009 duffius
361 1998 375 2020 ‚
406 1962 610 2021 nuntiat,
647 1967 817 2009 alterum
840 1962 933 2018 jam
960 1965 1066 2007 diem
1088 1957 1255 2024 sclaſjkm
1278 1962 1387 2028 stare
1415 1962 1476 2006 ad

191 2038 374 2097 infidam
407 2038 609 2094 Macrin,
637 2034 680 2082 G*
705 2040 839 2097 paulo
875 2052 969 2081 ante
997 2035 1112 2096 visas
1144 2034 1347 2094 quasdam
1379 2051 1475 2079 mo·-

189 2113 275 2157 veri
288 2146 302 2168 ‚
321 2128 520 2172 tanquam
543 2114 602 2156 ad
614 2110 906 2170 profec‘lionem
921 2145 934 2167 ‚
953 2126 1094 2155 naves.
1124 2108 1190 2154 Re
1212 2106 1352 2154 subita
1372 2122 1474 2168 per-

190 2182 335 2230 culsus
367 2195 536 2246 praetor
568 2182 790 2229 tubicines
824 2198 982 2230 canere
1020 2179 1175 2244 jubet,
1210 2191 1293 2239 ut,
1324 2178 1356 2224 fi
1390 2177 1472 2240 qui

187 2271 269 2319 per
287 2272 419 2320 agros
443 2254 574 2319 palati
592 2254 756 2314 essent,
778 2253 972 2301 redirent
990 2271 1000 2300 :
1022 2253 1228 2300 tribunos
1247 2251 1295 2296 in
1314 2250 1472 2297 urbem

190 2329 328 2376 mittit
369 2329 425 2376 ad
473 2328 701 2393 cogendos
740 2327 903 2376 milites
947 2327 1187 2390 nautasque
1231 2325 1278 2371 in
1321 2341 1473 2377 naves.

189 2403 321 2451 Haud
348 2402 502 2464 secus,
529 2419 663 2470 quam
687 2400 734 2451 in
752 2401 989 2466 repentino
1019 2398 1230 2449 incendio
1251 2410 1326 2446 aut
1345 2409 1472 2461 capta
