1618 2715
281 104 826 151 HISTORIARUM
862 105 982 151 LIB.
1015 105 1271 155 XXXVIII.
1342 126 1428 170 241

152 211 262 273 jefi'ta
289 225 444 269 erant,
476 210 698 258 interfeffi
722 211 848 259 sunt:
882 212 1108 276 sexaginta
1135 226 1222 262 tres
1250 216 1435 278 postero

155 286 225 332 die
255 283 595 347 comprehensi,
628 301 651 330 a
683 285 844 347 quibus
871 297 1040 347 praetor
1071 287 1166 335 vim
1202 305 1401 336 arcuerat
1420 326 1436 347 ,

155 375 249 405 non
268 358 371 422 quia
386 356 536 403 salvos
557 356 720 414 vellet,
741 356 814 402 sed
834 356 938 419 quia
957 358 1102 419 perire
1125 360 1252 407 causa
1272 361 1435 409 indicta

152 431 336 478 nolebat
351 465 364 488 ‚
384 427 550 490 objeffi
572 427 848 474 multitudini
868 428 991 475 iratae
1007 466 1021 488 ,
1048 447 1150 477 cum
1170 433 1332 480 aversis
1351 452 1436 480 au·-

153 504 276 551 ribus
304 519 439 566 pauca
466 502 609 549 locuti
633 501 797 561 essent,
825 503 1022 551 damnati
1049 522 1235 566 omnes,
1267 509 1317 555 δε
1343 521 1439 561 tra-¹

152 579 236 625 diti
256 578 356 625 sunt
375 578 430 624 ad
449 576 728 639 supplicium.

153 685 157 688 ⁴
219 648 444 696 XXXIV.
481 649 584 696 Hoc
608 662 729 697 metu
759 646 923 711 inje&o
940 688 952 708 ‚
975 651 1324 701 Lacedaemoniis
1349 655 1439 705 inis

155 736 357 787 peratum
380 722 573 785 primum
589 754 603 777 ,
635 736 686 768 ut
707 740 859 770 muros
893 724 1146 772 diruerent:
1180 727 1338 773 deinde
1353 764 1366 787 ‚
1387 742 1437 776 ut

155 813 316 843 omnes
335 796 510 842 externi
534 795 768 843 auxiliares
786 832 801 852 ‚
820 796 898 858 qui
916 800 1119 845 mercede
1140 801 1257 861 apud
1275 813 1438 865 tyran·-

157 887 243 917 nos
273 869 527 917 militassent
545 903 559 924 ‚
587 882 700 915 terra
730 871 954 917 Laconica
989 873 1279 920 excederent:
1311 887 1438 934 tum,

156 945 252 1003 uti,
285 962 385 1008 quae
421 943 600 990 servitia
629 945 814 1008 tyranni
849 946 1129 1005 liberassent,
1169 948 1249 1010 (ea
1278 964 1440 1013 magna

156 1018 401 1067 multitudo
421 1017 546 1081 erat)
575 1030 676 1064 ante
705 1018 820 1063 diem
851 1031 1017 1065 certam
1039 1020 1244 1077 abirent3
1278 1025 1355 1086 qui
1375 1024 1440 1072 ibi

155 1091 433 1148 mansissent,
460 1107 537 1137 eos
565 1090 895 1151 prehendendi‚
926 1092 1181 1152 vendendi,
1215 1096 1440 1143 abducen-

158 1164 204 1210 di
220 1163 396 1210 Achaeis
424 1161 493 1222 jus
516 1162 633 1209 esset.
671 1163 874 1225 Lycurgi
893 1163 1012 1225 leges
1039 1166 1275 1229 moresque
1301 1169 1441 1215 abro-

156 1250 325 1299 garent.
346 1233 619 1280 Achaeorum
636 1234 923 1280 assuescerent
940 1235 1112 1297 legibus
1130 1237 1443 1304 institutisque.

158 1309 220 1354 ita
244 1306 374 1354 unius
395 1322 474 1352 eos
501 1306 710 1368 corporis
739 1305 867 1363 fore,
899 1308 949 1353 ὃ(
979 1308 1032 1353 de
1065 1310 1277 1357 omnibus
1308 1314 1441 1360 rebus

159 1379 337 1425 facilius
368 1377 677 1426 consensuros.
723 1378 854 1424 Nihil
888 1379 1172 1427 obedientius
1207 1382 1442 1444 fecerunt,

158 1467 295 1513 quam
323 1461 372 1496 ut
395 1464 549 1494 muros
576 1450 827 1497 diruerent:
866 1467 950 1497 nec
983 1452 1140 1514 aegrius
1169 1455 1275 1515 passi
1308 1457 1442 1517 sunt,

159 1540 298 1587 quam
327 1521 495 1568 exsules
516 1518 682 1566 reduci.
720 1520 967 1565 Decretum
989 1523 1151 1583 Tegeae
1173 1525 1221 1566 in
1250 1529 1443 1573 consilio

161 1596 396 1653 communi
416 1595 690 1642 Achaeorum
713 1593 766 1639 de
787 1592 1063 1640 restituendis
1094 1595 1144 1641 iis
1177 1595 1340 1644 saelum
1366 1600 1446 1650 est.
1503 1656 1506 1659 f

161 1673 237 1728 δε,
266 1670 497 1716 mentione
524 1669 669 1722 illata,
698 1679 908 1713 externos
943 1668 1183 1717 auxiliares
1216 1672 1445 1734 dimissos,

163 1745 214 1790 δε
246 1739 598 1788 Lacedaemoniis
629 1738 874 1800 adscriptos
907 1739 998 1799 (ita
1033 1741 1152 1788 enim
1187 1746 1444 1806 vocabant,

164 1812 280 1875 quia
298 1811 501 1875 tyrannis
515 1811 689 1857 liberati
708 1810 855 1874 erant)
873 1811 980 1857 urbe
994 1814 1239 1873 excessisse,
1254 1817 1300 1863 in
1315 1834 1448 1881 agros

165 1884 382 1947 dilapsos3
402 1883 656 1947 priusquam
678 1884 974 1931 dimitteretur
993 1887 1241 1947 exercitus,
1255 1888 1319 1936 ire
1333 1908 1447 1952 prae-

168 1970 317 2002 torem
349 1974 452 2003 cum
473 1956 692 2018 expeditis
710 1992 724 2014 ,
754 1959 802 2003 &
826 1959 1206 2020 comprehendere
1237 1962 1282 2008 id
1307 1981 1450 2027 genus

169 2027 433 2084 hominum,
464 2029 514 2074 &
542 2027 738 2075 vendere
769 2026 867 2089 jure
900 2031 1060 2089 praedae
1092 2032 1274 2093 placuit.
1312 2036 1451 2083 Multi

170 2099 486 2161 comprehensi
508 2099 760 2146 venierunt.
780 2098 980 2161 porticus
998 2119 1053 2148 ex
1072 2120 1122 2150 ea
1140 2107 1329 2166 pecunia
1352 2110 1451 2154 Me-

171 2172 374 2238 galopoli
395 2173 603 2235 permissu
627 2175 896 2220 Achaeorum
917 2175 1079 2224 refesia
1106 2178 1166 2223 est
1180 2214 1192 2236 ‚
1213 2196 1346 2241 quam
1368 2184 1454 2228 La-

169 2245 442 2293 cedaemonii
462 2246 696 2292 diruerant.
732 2250 788 2293 Et
807 2264 908 2311 ager
927 2250 1177 2298 Belbinates
1193 2286 1207 2309 ‚
1229 2268 1362 2314 quem
1381 2253 1454 2298 in·-

173 2316 282 2380 juria
313 2317 498 2381 tyranni
523 2318 966 2367 Lacedaemoniorum
997 2322 1303 2383 possederant,
1325 2326 1453 2372 resti·-

175 2403 298 2438 tutus
317 2392 459 2438 eidem
479 2392 686 2451 civitati,
704 2411 760 2441 ex
781 2394 961 2443 decreto
981 2412 1134 2446 vetere
1155 2399 1452 2462 Achaeorum,

244 2465 294 2512 T.
323 2467 416 2514 Liv.
444 2470 543 2513 Vol.
571 2468 656 2515 VJ,
1154 2472 1201 2529 Q
