1618 2715
202 117 270 172 94
557 103 1123 151 T1T1L1vtt

200 215 328 263 tione
349 212 567 275 temporis
582 249 596 271 ,
622 214 671 260 ὃς
696 211 821 275 quod
844 212 903 257 ita
931 210 1166 274 transfugae
1186 209 1491 269 affirmabant,'

201 288 289 333 tale
317 286 553 334 confilium
589 285 704 331 iniit.
747 284 892 331 media
920 285 1051 330 110&oe
1078 284 1281 346 receptui
1318 283 1488 346 {ignum

200 359 349 414 dedit,
370 360 420 405 &
442 358 497 404 ab
517 357 859 420 oppugnatione
886 355 1014 401 simul
1045 373 1203 402 omnes
1224 356 1388 402 milites
1407 356 1489 402 de-

200 432 359 477 ductos
387 429 525 492 usque
548 430 603 475 ad
623 429 800 475 tertiam
830 428 918 474 diei
953 428 1111 474 horam
1142 428 1320 491 quietos
1341 429 1387 473 in
1410 445 1489 475 ca·-

198 504 297 550 stris
317 503 472 549 tenuit.
495 503 598 548 inde
617 515 771 564 coepta
792 500 1075 564 oppugnatio
1103 501 1156 547 ad
1175 497 1364 547 mediam
1386 518 1490 547 rur-

200 576 274 623 sus
302 576 481 622 noctem
511 575 723 637 'perducta
760 575 851 621 est:
889 573 1129 619 intermissa
1161 573 1320 620 deinde
1349 573 1490 636 usque

202 649 258 694 ad
295 649 469 694 tertiam
507 647 594 694 diei
629 648 803 694 horam,
842 645 1166 708 Fatigationem
1200 645 1282 691 rati
1317 644 1490 692 causam

200 722 287 768 effe
303 721 443 768 AEtoli
461 737 556 767 non
579 719 898 768 continuandae
916 718 1267 780 oppugnationis
1281 755 1296 775 ,
1319 735 1418 780 quae
1438 718 1491 764 &

202 794 323 856 ipsos
340 792 572 848 affecerat,
593 794 672 840 ubi
688 791 908 839 Romanis
928 791 1081 836 datum
1101 791 1298 853 receptui
1316 789 1490 853 signum

202 867 335 924 estet,
361 867 489 912 velut
521 866 600 929 ipfi
633 881 816 930 quoque
835 865 929 910 hoc
950 863 1178 920 revocati,
1198 880 1282 925 pro
1304 863 1345 908 se
1365 861 1488 927 quis-

199 956 292 1002 que
320 956 375 986 ex
410 939 676 986 stationibus
713 938 1013 984 decedebant:
1052 953 1135 983 nec
1174 949 1277 983 ante
1311 936 1490 984 tertiam

200 1012 292 1059 diei
317 1013 472 1059 horam
495 1012 654 1058 armati
685 1011 730 1056 in
760 1012 896 1057 muris
917 1011 1205 1072 apparebant.

284 1085 458 1131 XX1V.
489 1083 691 1139 Consul,
721 1100 821 1129 cum
855 1083 987 1127 no&e
1020 1082 1165 1127 media
1197 1081 1491 1129 intermififfet

199 1156 594 1221 oppugnationem
609 1193 623 1215 ,
643 1168 798 1220 quarta
819 1155 972 1218 vigilia
991 1155 1137 1201 rursus
1162 1155 1216 1202 ab
1235 1156 1376 1202 tribus
1394 1161 1494 1218 pari·

202 1230 321 1278 tibus
346 1229 512 1276 summa
539 1229 588 1274 vi
608 1228 826 1292 aggressus
843 1264 855 1286 ,
879 1229 935 1273 ab
964 1245 1055 1274 una
1079 1228 1150 1274 Ti,
1170 1229 1491 1289 Sempronium

203 1318 355 1351 tenere
387 1305 586 1350 intentos
609 1303 772 1350 milites
793 1303 1055 1365 signumque
1083 1302 1382 1364 exspectantes
1399 1302 1491 1364 jus-

201 1377 281 1432 fit,
307 1376 361 1422 ad
387 1392 437 1421 ea
466 1378 511 1420 in
532 1376 758 1421 no&ttrno
786 1375 1003 1430 tumultu,
1025 1374 1144 1419 unde
1163 1374 1335 1421 clamor
1354 1392 1493 1422 exau-

202 1448 372 1495 diretur
385 1485 398 1506 ,
417 1449 535 1495 haud
555 1448 688 1494 dubie
707 1461 826 1494 ratus
849 1447 997 1493 hostes
1018 1446 1330 1494 concursuros.
1355 1449 1491 1494 AEto-

201 1521 235 1566 li
269 1536 366 1583 pars
395 1520 529 1583 sopiti
564 1520 718 1566 affecta
750 1522 905 1567 labore
932 1537 983 1568 ac
1012 1519 1179 1582 vigiliis
1206 1536 1402 1583 corpora
1432 1537 1491 1567 ex

202 1593 365 1640 somno
395 1593 721 1639 moliebantur:
762 1611 860 1655 pars
885 1594 1124 1656 vigilantes
1145 1594 1286 1639 adhuc
1306 1594 1360 1638 ad
1380 1592 1489 1640 stre-

203 1667 345 1730 pitum
377 1669 678 1730 pugnantium
699 1667 744 1714 in
764 1668 959 1713 tenebris
980 1680 1175 1713 currunt.
1206 1666 1366 1713 Hostes
1385 1685 1490 1730 par-

203 1743 285 1787 tim
319 1758 398 1804 per
429 1742 578 1787 ruinas
606 1741 790 1802 jacentis
820 1743 937 1788 muri
967 1742 1277 1788 transcendere
1309 1759 1488 1788 conan-

206 1826 279 1861 tur
300 1833 309 1860 :
330 1815 486 1875 partim
523 1815 645 1861 scalis
681 1813 882 1861 ascensus
911 1826 1098 1860 tentant.
1138 1813 1346 1860 adversus
1371 1831 1489 1877 quos

206 1888 408 1951 undique
438 1889 492 1934 ad
513 1905 645 1951 opem
674 1886 901 1935 ferendam
930 1899 1180 1934 occurrunt
1196 1886 1353 1933 AEroli.
1387 1888 1489 1934 Pars

205 1977 292 2007 una
307 1997 320 2017 ,
354 1962 400 2007 in
420 1979 507 2025 qua
532 1961 718 2010 aedificia
745 1976 870 2008 extra
892 1962 1046 2008 urbem
1068 1973 1222 2017 erant,
1242 1976 1387 2023 neque
1411 1964 1493 2007 de-

205 2033 432 2091 fenditur,
467 2052 615 2096 neque
647 2048 961 2098 oppugnatur:
1000 2035 1101 2092 sed,
1131 2034 1210 2096 qui
1250 2050 1491 2097 oppugna-

203 2122 306 2155 rent
322 2145 334 2166 ‚
358 2108 520 2155 intenti
541 2110 716 2174 iignum
748 2109 1091 2172 exspe&abant;
1127 2108 1333 2155 defensor
1354 2125 1489 2156 nemo

206 2184 368 2228 aderat.
401 2183 492 2229 Jam
527 2182 852 2239 dilucescebat‚
885 2200 988 2229 cum
1025 2182 1198 2246 {ignum
1230 2181 1385 2228 consul
1412 2182 1490 2226 de-

205 2254 296 2300 dit:
330 2256 380 2302 &
416 2256 506 2302 fine
537 2256 633 2302 ullo
670 2255 912 2303 certamine
956 2257 1116 2318 partim
1144 2272 1223 2318 per
1251 2253 1490 2312 semiruta,

204 2328 364 2389 partun
402 2329 526 2377 scalis
560 2328 760 2392 integros
792 2346 947 2375 muros
980 2327 1305 2375 transcendere.
1344 2325 1487 2372 Simul

204 2400 403 2463 clamor,
437 2402 574 2451 index
604 2402 724 2468 capti
746 2402 939 2466 oppidi,
970 2401 1030 2450 est
1055 2400 1322 2461 exauditus,
1352 2398 1489 2447 undi-
