1618 2715
262 109 802 157 HlsTORlARUM.
839 111 960 156 Llss.
997 109 1217 158 XXXVI.
1300 127 1381 174 113

106 215 310 274 ciuium,
343 218 481 263 altum
524 216 650 278 petit.
699 217 987 281 Corcyram,
1028 234 1161 279 quam
1199 217 1388 279 primam

107 288 300 335 Graeciae
339 288 574 334 civitatum
601 289 739 347 adiit,
769 306 871 336 cum
904 289 1114 345 veniffet‚
1146 303 1390 351 perconta-

106 373 180 407 tus
213 361 265 407 de
294 361 405 407 statu
441 361 569 419 belli,
602 359 825 424 (necdum
854 362 974 408 enim
1003 363 1156 409 omnia
1181 362 1228 408 in
1255 366 1388 409 Gra:-

108 432 178 478 cia
209 445 442 494 perpacata
476 434 631 497 erant)
662 436 712 481 &
742 433 818 479 ubi
849 433 987 480 claffis
1017 436 1225 481 Romana
1256 435 1389 493 esset,

107 503 342 567 postquam
362 504 561 563 audivit,
592 505 708 552 circa
729 505 1146 569 Thermopylarum
1167 505 1320 552 saltum
1342 508 1390 552 in

108 575 298 623 statione
329 577 559 624 consulem
597 595 649 625 ac
686 595 834 642 regem
864 578 975 636 effe,
1023 579 1198 626 claffem
1233 579 1391 626 Piraeei

109 649 248 708 stare,
285 650 594 696 maturandum
629 662 750 696 ratus
788 650 994 696 omnium
1040 668 1189 697 rerum
1226 651 1352 698 causa
1375 687 1392 710 ,

110 723 255 785 pergit
274 722 480 784 protinus
499 722 709 784 navigare
731 721 1105 784 Peloponnesum.
1127 723 1285 769 Samen
1304 725 1391 769 Za-

111 795 427 858 cynthumque
444 831 457 853 ‚
485 796 590 858 quia
620 794 754 857 partis
770 794 1029 840 AEtolorum
1057 795 1305 842 maluerant
1325 795 1393 841 es-

110 867 155 914 se
172 903 186 925 ‚
212 868 415 929 protinus
446 867 768 930 depopulatuS‚
795 868 986 913 Maleam
1013 867 1148 929 petit:
1175 871 1223 915 &c
1240 905 1253 926 ,
1282 885 1394 930 pro-

111 940 235 1004 spera
263 943 551 1005 navigatione
577 941 679 988 usus
696 977 708 998 ,
738 942 888 1003 paucis
917 943 1070 989 diebus
1097 943 1310 990 Piraeeum
1337 945 1394 991 ad

113 1027 312 1059 veterem
340 1014 511 1059 class‘em
539 1014 760 1075 pervenit.
793 1014 863 1058 Ad
894 1014 1138 1076 Scyllaeum
1167 1017 1395 1062 Eumenes

114 1102 196 1131 rex
217 1103 317 1132 cum
346 1086 487 1132 tribus
522 1086 712 1132 navibus
740 1081 967 1140 occurrit*⁷
1000 1102 1101 1132 cum
1121 1088 1292 1149 AEginae
1318 1089 1396 1134 diu

115 1159 310 1206 incertus
341 1158 515 1205 confilii
549 1158 721 1217 fuisset,
760 1170 912 1205 utrum
943 1159 998 1205 ad
1027 1160 1241 1205 tuendum
1275 1160 1397 1205 redi-

115 1246 184 1280 ret
201 1250 382 1297 regumn
397 1269 411 1290 ,
444 1232 679 1292 (audiebat
697 1232 816 1278 enim
835 1231 1116 1278 Antiochum
1137 1232 1295 1293 Ephesi
1314 1250 1397 1278 na-

118 1308 242 1355 vales
265 1306 573 1369 terrestresque
594 1322 748 1367 parare
775 1304 957 1367 copias)
984 1321 1039 1350 an
1061 1303 1279 1366 nusquam
1299 1305 1398 1351 abs-

119 1380 294 1428 cederet
317 1379 372 1426 ab
392 1378 636 1434 Romanis,
665 1394 722 1424 ex
744 1394 940 1440 quorum
969 1376 1153 1423 fortuna
1176 1375 1247 1423 sua
1284 1395 1399 1439 pen-

119 1455 257 1500 deret.
289 1455 325 1499 A
345 1452 515 1498 Piraeeo
536 1453 590 1497 A.
609 1450 769 1497 Atilius
785 1487 797 1508 ‚
819 1450 990 1496 traditis
1011 1449 1247 1496 succefl'ori
1267 1452 1400 1512 quin·

120 1544 208 1589 que
229 1527 278 1573 δέ
299 1525 460 1588 viginti
481 1524 671 1571 navibus
688 1523 835 1578 tectis,
857 1523 1047 1568 Romam
1072 1521 1133 1566 est
1156 1521 1400 1583 profectus.

121 1596 278 1644 Livius
306 1612 392 1641 una
421 1596 471 1641 δε
503 1592 734 1657 octoginta
767 1591 964 1639 rostratis
997 1592 1213 1650 navibus,
1244 1594 1399 1640 multis

122 1681 335 1733 praeterea
366 1667 644 1724 minorihus,
671 1684 772 1729 quae
789 1679 864 1713 aut
890 1678 1053 1729 apertae
1070 1666 1273 1712 rostratae
1288 1703 1302 1724 ‚
1323 1683 1402 1716 aut

124 1741 215 1788 fine
243 1738 397 1786 rostris
425 1738 735 1801 speculatoriae
765 1750 890 1784 erant
909 1773 922 1795 ‚
951 1737 1122 1784 Delum
1150 1738 1339 1799 trajecit.

181 1814 362 1859 ΥΧΠΠο
408 1814 476 1858 Eo
516 1810 608 1858 fere
644 1824 850 1872 tempore
890 1810 1047 1856 consul
1083 1810 1252 1857 Acilius
1282 1813 1405 1858 Nau-

127 1887 303 1951 pactum
333 1884 635 1947 oppugnabat.
667 1883 847 1930 Livium
868 1882 976 1928 Deli
1004 1899 1083 1943 per
1109 1883 1286 1946 aliquot
1311 1884 1405 1930 dies

131 1960 213 2023 (&
245 1957 306 2003 est
340 1956 641 2002 ventosissima
674 1956 801 2018 regio
837 1955 954 2000 inter
984 1955 1245 2019 Cycladas,
1281 1955 1405 2003 fretis

129 2031 235 2078 alias
264 2027 536 2088 majoribus,
568 2027 673 2072 alias
713 2026 966 2073 minoribus
1009 2025 1201 2089 divisas)
1234 2026 1405 2072 adversi

129 2102 258 2151 venti
288 2111 541 2147 tenuerunt.
576 2099 911 2162 Polyxenidas,
943 2099 1110 2146 certior
1143 2115 1221 2160 per
1254 2098 1409 2159 dispo-

131 2176 230 2224 fitas
260 2172 571 2235 speculatorias
600 2188 732 2219 naves
763 2171 926 2228 factus,
960 2172 1068 2217 Deli
1100 2171 1207 2218 stare
1238 2172 1408 2217 Roma-

132 2264 235 2294 nam
269 2244 472 2298 claffem,
505 2243 690 2290 nuntios
723 2243 776 2289 ad
803 2260 949 2305 regem
969 2243 1098 2290 misit.
1133 2243 1237 2305 qui,
1270 2241 1410 2287 omis-

132 2321 218 2375 ᾗς,
251 2337 349 2383 quae
369 2318 413 2364 in
431 2317 725 2380 Hellesponto
758 2317 915 2380 agebat
933 2353 947 2375 ,
976 2334 1079 2363 cum
1110 2316 1308 2362 rostratis
1328 2334 1410 2363 na-

133 2393 294 2450 vibus,
315 2404 531 2453 quantum
551 2391 799 2442 accelerare
815 2390 989 2453 potuit,
1006 2389 1226 2453 Ephesum
1253 2390 1409 2438 rediit:

196 2468 247 2512 T.
279 2468 370 2513 Liv.
399 2468 494 2512 Vol.
525 2467 604 2515 Vl.
1119 2465 1162 2510 H
