1618 2715
172 114 265 162 370
520 98 742 145 'rii-1
820 101 1092 148 L1v11

170 205 441 269 supplicatio
465 205 510 252 in
537 222 678 253 unum
702 205 820 251 diem
846 206 1023 254 decreta
1043 208 1118 255 est.
1139 206 1352 272 Ligurum
1373 209 1466 258 duo

171 281 312 328 nxillla
342 280 435 326 fere
464 280 518 326 ad
548 291 796 325 extremum
828 278 964 326 finem
988 282 1246 343 provinciae
1277 284 1466 343 Galliae,

172 353 251 400 ubi
273 352 409 398 castra
438 352 677 398 Marcellus
698 351 890 398 habebat
905 388 918 409 ,
939 366 1187 412 venerunt,
1207 355 1275 400 uti
1294 356 1469 418 recipe-

171 438 344 480 rentur,
363 437 557 472 orantes.
578 425 843 482 Marcellus,
865 424 1065 487 opperiri
1087 427 1246 474 eodem
1267 427 1374 474 loco
1394 428 1467 475 Li-

169 498 356 561 guribus
376 495 494 555 juffis
513 533 526 554 ,
548 496 746 543 senatum
769 513 848 557 per
878 497 1027 543 literas
1049 498 1290 556 consuluit.
1327 500 1468 546 Sena-

170 584 241 618 tus
261 571 500 616 rescribere
524 573 584 616 Μ.
605 570 859 632 Ogulnium
882 582 1122 631 praetorem
1144 571 1362 618 Marcello
1382 570 1466 632 jus-

170 644 259 691 fit:
289 646 433 690 Verius
455 640 583 704 fuiffe
603 677 616 698 ‚
650 643 864 701 consides,
897 661 1066 701 quorum
1092 647 1317 703 provincia
1350 644 1470 709 effer,

168 737 293 779 quam
314 719 394 778 se,
419 719 525 776 quid
552 735 571 761 e
601 719 806 776 republica
838 714 959 778 efflet,
989 719 1201 763 decernere.
1243 733 1330 762 tum
1361 736 1469 779 quo-

170 810 246 853 que
266 809 352 836 non
370 796 532 851 placere
547 822 560 843 ,
576 790 710 853 fiper
729 792 977 835 dedicionem
1002 793 1173 851 Ligures
1194 793 1356 851 recipiet
1372 826 1385 848 ‚
1404 810 1468 837 re-

171 867 298 926 ceptis
317 883 434 909 arma
453 865 588 909 adimi
603 880 619 908 .·
635 880 756 924 atque
768 900 779 920 ‚
803 881 871 908 eos
888 867 950 908 ad
960 866 1164 924 consulem
1185 867 1297 909 mitti
1311 897 1323 918 ‚
1332 866 1468 925 sena·-

173 953 263 984 tum
298 956 458 997 aequum
493 937 655 996 censere.
698 937 919 981 Praetores
953 936 1113 980 eodem
1150 948 1355 997 tempore
1377 972 1390 994 ,
1420 937 1470 984 Ρ.

173 1010 371 1056 Manlius
400 1010 447 1054 in
477 1009 740 1055 ulteriorem
769 1007 1053 1070 Hispaniam,
1077 1024 1210 1071 quam
1239 1011 1288 1055 &
1316 1010 1468 1070 priore

172 1094 369 1145 praetura
395 1081 683 1143 provinciam
713 1081 1002 1137 obtinuerat3
1033 1082 1094 1140 Q.
1128 1080 1317 1127 Fulvius
1345 1081 1469 1127 Flac·

172 1170 252 1202 cus
277 1154 322 1200 in
346 1154 604 1202 citeriorem
630 1153 867 1217 pervenit,
885 1153 1226 1215 exercitumque
1245 1171 1268 1199 a
1291 1154 1468 1199 Teren·-

175 1229 243 1275 tio
271 1229 458 1290 accepit.
491 1245 592 1275 nam
616 1227 804 1274 ulterior
833 1239 981 1273 morte
1004 1228 1051 1273 P.
1071 1226 1330 1288 Sempronii
1359 1242 1468 1289 pro-

174 1300 375 1348 consulis
391 1301 480 1347 fine
499 1301 690 1364 imperio
710 1301 868 1347 fuerat.
887 1299 1099 1346 Fulvium
1116 1299 1320 1363 Flaccum
1341 1298 1469 1361 oppi-

173 1375 280 1421 dum
312 1375 558 1438 Hispanum
576 1410 588 1432 a
612 1375 860 1421 Urbicuam
888 1373 1076 1419 nomine
1091 1409 1102 1429 ‚
1124 1386 1467 1437 oppugnantem

172 1447 390 1493 Celtiberi
421 1446 569 1492 adorti
598 1445 710 1491 sunt.
743 1447 871 1492 Dura
903 1445 966 1491 ibi
995 1445 1160 1508 proelia
1191 1446 1369 1509 aliquot
1397 1444 1468 1491 fa-

172 1520 264 1567 ela:
283 1520 416 1567 multi
439 1521 639 1567 Romani
658 1520 820 1566 milites
835 1522 886 1568 &
905 1520 1133 1567 vulnerati
1151 1556 1163 1578 ,
1180 1521 1229 1567 &
1247 1519 1467 1566 interfeffi

174 1592 290 1639 sunt.
329 1593 437 1639 victi
458 1592 788 1656 perleverantia
815 1593 990 1650 Fulvii,
1018 1592 1145 1655 quod
1169 1592 1289 1638 nulla
1316 1592 1364 1638 vi
1390 1592 1468 1637 ab·

175 1663 309 1709 strabi
340 1664 396 1709 ab
429 1663 664 1709 obfidione
694 1664 869 1726 potuit‚
898 1663 1143 1722 Celtiberi,
1172 1663 1264 1710 feffi
1295 1662 1468 1727 proeliis

175 1735 315 1782 variis
336 1735 646 1782 abscesserunt,
667 1736 796 1792 urbs,
819 1747 977 1783 amoto
999 1736 1174 1782 auxilio
1196 1751 1371 1792 eorum,
1397 1735 1468 1782 in·-

175 1820 245 1855 tra
267 1824 438 1871 paucos
459 1808 551 1854 dies
574 1819 701 1870 capta
718 1809 769 1855 &
788 1808 960 1870 direpta
979 1807 1067 1853 est:
1089 1807 1283 1870 praedam
1309 1805 1468 1853 militi-

175 1880 260 1926 bus
280 1893 449 1942 praetor
468 1878 694 1926 conceffit.
717 1879 901 1924 Fulvius
915 1914 926 1935 ‚
947 1879 1039 1924 hoc
1059 1877 1234 1939 oppido
1255 1879 1468 1940 capto‚P.

176 1952 392 2009 Manlius,
412 1953 614 1999 exercitu
631 1963 805 1998 tantum
824 1952 871 1997 in
891 1967 1029 1997 unum
1050 1951 1229 2007 coa&0‚
1250 1950 1329 2013 qui
1349 1949 1467 1995 diffi-

179 2038 309 2088 patus
330 2025 475 2072 fuerat
491 2061 504 2082 ‚
524 2025 646 2071 nulla
662 2025 745 2070 alia
764 2023 1047 2086 memorabili
1067 2023 1184 2086 gesta
1202 2039 1248 2069 re
1263 2059 1277 2079 ‚
1295 2021 1468 2069 exerci-

178 2111 250 2145 tus
277 2099 324 2145 in
345 2099 534 2145 hiberna
552 2099 850 2144 deduxerunt,
875 2098 983 2144 Haec
1006 2114 1057 2143 ea
1076 2097 1221 2143 aestate
1243 2097 1289 2142 in
1307 2096 1467 2158 Hispa-

180 2172 257 2218 nia
276 2171 405 2235 gesta.
425 2171 662 2217 Terentius
677 2206 689 2229 ‚
709 2170 784 2233 qui
806 2186 860 2215 ex
881 2186 928 2215 ea
946 2169 1185 2232 provincia
1211 2169 1465 2226 decefl'erat,

179 2259 329 2292 ovans
350 2244 506 2291 urbem
533 2244 646 2290 iniit.
669 2244 930 2290 translatum
948 2277 962 2298 ‚
984 2241 1153 2305 argenti
1185 2241 1341 2303 pondo
1373 2257 1466 2287 no-

182 2334 289 2362 vem
309 2317 449 2363 millia
469 2328 666 2363 trecenta
685 2315 848 2378 viginti
869 2333 878 2361 :
901 2313 997 2361 auri
1018 2313 1247 2376 o&oginta
1277 2313 1465 2374 pondo,

182 2390 232 2437 δέ
261 2390 358 2436 duae
387 2405 574 2439 coronae
599 2405 741 2437 aureae
764 2387 922 2452 pondo
951 2385 1175 2451 sexaginta
1198 2382 1378 2447 septem.
