1618 2715
241 124 780 174 HISTORIARUM
816 125 944 170 ΜΒ.
982 123 1206 170 ΧΧΧΙΧ.
1293 139 1384 184 3¹7

98 232 428 296 'quinquaginta
463 230 602 278 ferme
638 230 913 278 ceciderunt.
977 228 1146 275 tribuni
1190 228 1385 275 militum

102 303 304 365 quinque
330 300 492 358 amiffi,
518 303 566 348 δε
585 302 720 363 pauci
750 300 921 362 equites
945 298 1166 356 Romani,
1189 313 1387 346 cruentae

101 374 297 421 maxime
325 372 528 421 vicloriae
555 372 746 435 speciem
775 371 993 419 fecerunt.
1032 375 1080 418 In
1112 370 1259 419 castris
1298 372 1388 418 ho-

102 448 261 505 stium,
279 448 382 511 quia
402 447 502 510 ipsis
521 446 706 508 spatium
725 446 798 493 sua
820 445 1155 493 communiendi
1179 461 1270 489 non
1294 444 1389 490 fue-

104 533 206 577 rat,
231 519 500 566 manserunt.
536 520 623 564 Pro
659 518 887 565 concione
917 517 1099 580 postero
1125 517 1195 563 die
1224 517 1389 565 laudati

103 594 352 656 donatique
389 611 414 639 a
441 594 494 639 C.
526 592 775 655 Calpurnio
811 591 980 654 equites
1014 590 1219 653 phaleris.
1275 606 1387 652 pro·-

105 667 449 730 nuntiavitque‚
478 682 638 712 eorum
667 665 860 712 maxime
888 681 1023 726 opera
1059 662 1206 709 hostes
1240 661 1388 722 fusos,

105 741 244 790 castra
269 754 396 804 capta
419 742 467 788 &
487 751 739 803 expugnata
758 739 857 786 effe.
883 737 1122 798 Quinctius
1143 737 1252 782 alter
1276 754 1388 799 prae-

105 828 182 862 tor
211 814 312 861 suos
341 814 510 877 equites
540 812 705 861 catellis
741 830 792 859 ac
819 811 967 858 fibulis
995 811 1197 857 donavit.
1231 809 1388 856 donati

107 892 160 936 &
178 889 461 936 centuriones
479 905 533 934 ex
552 886 780 949 utriusque
799 886 999 933 exercitu
1021 884 1228 948 permulti
1250 902 1261 931 :
1290 902 1360 930 ma
1374 909 1388 922 ·

109 961 231 1008 xime
260 963 338 1025 qui
371 960 560 1007 mediam
597 960 735 1006 aciem
766 971 1023 1005 tenuerunt.

175 1034 370 1080 XXXII.
410 1032 627 1079 Consules
654 1029 892 1076 deleffibus
923 1028 1130 1091 aliisque,
1160 1046 1258 1092 quae
1290 1028 1392 1075 Pto-

110 1125 198 1155 :mae
224 1108 404 1171 agendae
432 1118 558 1154 erant
574 1143 587 1165 ,
607 1104 793 1169 peraclis
822 1104 980 1162 rebus,
1003 1103 1050 1149 in
1077 1103 1258 1166 Ligures
1281 1119 1392 1165 pro-

112 1181 312 1229 vinciam
343 1181 590 1228 exercitum
622 1181 859 1226 duxerunt.
894 1177 1214 1239 Sempronius,
1238 1194 1261 1222 a
1288 1177 1394 1223 Pifis

112 1253 343 1317 profectus
382 1254 430 1299 in
473 1255 690 1316 Apuanos
728 1251 942 1315 Ligures,
979 1249 1195 1298 vastando
1230 1266 1396 1311 agros,

116 1328 379 1390 urendoque
398 1326 528 1375 vicos
556 1328 606 1373 ὅ(
626 1324 800 1372 castella
820 1341 1002 1380 eorum,
1030 1322 1204 1384 aperuit
1237 1322 1396 1370 saltum

115 1400 253 1464 usque
275 1401 329 1446 ad
352 1399 543 1448 fluvium
562 1399 759 1444 Macram
781 1398 829 1442 &
850 1398 983 1442 Lunae
1005 1408 1199 1458 portum.
1234 1396 1396 1444 Hostes

113 1486 317 1520 montem
337 1508 350 1531 ‚
383 1471 611 1534 antiquam
647 1468 789 1515 sedem
820 1467 1044 1527 majorum
1076 1467 1286 1525 suorum,
1321 1485 1398 1514 ce—

115 1557 312 1608 perunt:
334 1546 382 1590 &
402 1544 526 1599 inde,
549 1542 745 1604 superata
762 1541 973 1587 locorum
994 1539 1250 1602 iniquitate,
1273 1558 1399 1603 proe-

117 1617 182 1663 lio
212 1615 365 1677 dejecti
396 1615 509 1663 sunt.
544 1617 598 1662 Et
621 1618 705 1677 Ap.
735 1613 948 1660 Claudius
975 1612 1230 1659 felicitatem
1252 1615 1398 1661 virtu-

118 1700 299 1750 temque
330 1687 516 1749 collegae
539 1686 585 1732 in
611 1685 848 1749 Liguribus
877 1684 1082 1747 Ingaunis
1110 1686 1306 1748 aequavit
1332 1688 1397 1733 se-

118 1760 275 1806 cundis
297 1759 469 1821 aliquot
490 1758 678 1821 proeliis.
705 1757 779 1803 sex
804 1768 1015 1818 praeterea
1039 1757 1206 1819 oppida
1237 1774 1398 1806 eorum

120 1833 434 1896 expugnavit:
473 1833 611 1879 multa
646 1831 781 1878 millia
816 1829 1052 1876 hominum
1082 1830 1127 1874 in
1163 1829 1214 1876 iis
1245 1831 1396 1893 cepit:

123 1906 230 1954 belli
260 1907 461 1952 auctores
489 1917 575 1951 tres
609 1906 658 1952 &
685 1902 972 1966 quadraginta
1002 1901 1145 1948 securi
1180 1903 1397 1963 percuffit.

123 1980 216 2025 Jam
252 1978 542 2024 comitiorum
577 1976 813 2040 appetebat
846 1989 1035 2037 tempus.
1085 1974 1210 2037 prior
1248 1989 1398 2022 tamen

125 2050 366 2107 Claudius,
393 2067 527 2113 quam
556 2046 846 2110 Sempronius
863 2082 878 2102 ,
897 2045 970 2092 cui
988 2044 1081 2092 sors
1109 2046 1292 2093 comitia
1322 2048 1400 2092 ha-

125 2122 262 2169 bendi
292 2121 549 2185 obtigerat,
577 2122 770 2169 Romam
800 2118 956 2174 ven›it;
987 2118 1089 2181 quia
1114 2121 1161 2164 P.
1187 2119 1400 2166 Claudius

128 2193 263 2240 frater
288 2193 384 2255 ejus
417 2193 695 2241 consulatum
729 2191 916 2252 petebat.
959 2190 1294 2252 Competitores
1323 2191 1400 2236 ha-

125 2267 259 2315 bebat
286 2266 499 2329 patricios
528 2269 576 2315 L.
595 2265 850 2321 AEmilium,
880 2265 939 2323 Q.
964 2264 1171 2320 Fabium,
1191 2264 1281 2310 Ser.
1303 2263 1402 2310 Sul-

129 2339 299 2401 picium
324 2339 538 2396 Galbam,
562 2351 736 2385 veteres
763 2337 1050 2393 candidatos,
1072 2336 1119 2382 &
1142 2336 1196 2383 ab
1222 2334 1403 2398 repulsis

127 2427 187 2458 eo
218 2411 354 2475 magis
384 2411 611 2468 debitum,
639 2409 745 2473 quia
771 2408 918 2471 primo
949 2419 1133 2471 negatus
1167 2420 1288 2467 erat,
1315 2407 1402 2453 ho-
