1618 2715
246 132 795 184 HISTORIARUM
828 130 959 177 LIB,
988 127 1228 175 XXXVII.
1302 139 1387 190 135

111 257 254 294 vento
271 281 284 302 ‚
306 247 356 292 &
384 241 575 304 majores
596 242 682 299 jam
701 240 921 288 volvente
940 237 1099 284 fluctus
1113 271 1126 291 ,
1151 235 1254 292 quja
1285 252 1389 296 per·-

111 319 268 366 venire
295 319 336 364 se
363 318 418 364 ad
447 334 525 363 eos
555 316 736 361 videbat
768 330 863 358 non
898 311 1050 373 poffe,
1068 310 1123 354 ad
1155 308 1389 354 AEthaliam

112 392 298 438 insulam
319 388 514 449 trajecit,
535 400 584 433 ut
604 386 706 432 inde
729 385 909 447 postero
932 383 1002 429 die
1022 384 1201 429 Samum
1223 397 1276 426 ex
1298 380 1389 426 alto

111 475 312 527 petentes
342 476 478 507 naves
499 458 824 523 aggrederetur.
846 455 1068 511 Romani,
1092 471 1190 515 pars
1210 454 1392 516 exigua,

114 535 269 598 primis
288 533 481 580 tenebris
503 524 686 595 portum
706 530 861 576 Sarniae
885 527 1099 574 desertum
1123 538 1364 572 tenuerunt
1383 544 1394 572 z

115 609 255 656 claffis
282 621 454 665 cetera,
470 607 646 652 noctem
674 618 816 651 totam
837 603 884 649 in
910 603 1003 649 alto
1025 601 1199 660 jactata,
1219 601 1264 646 in
1284 617 1395 646 eun-

114 684 216 730 dem
250 693 436 744 portum
467 678 676 727 decurrit.
711 677 776 724 lbi
805 694 862 723 ex
901 675 1142 740 agrestibus
1174 674 1362 737 cognito
1382 709 1396 730 ‚

114 755 309 802 hostium
340 769 477 800 naves
504 753 559 800 ad
576 751 812 798 AEthaliam
838 750 971 806 stare,
1003 746 1236 794 confilium
1268 746 1401 791 habi·

116 842 234 886 tum,
256 841 406 874 utrum
420 825 648 888 extemplo
670 826 985 877 decernerent,
1004 839 1058 868 an
1079 822 1301 867 Rhodiam
1320 837 1398 866 ex—

118 901 362 964 spectarent
394 897 581 945 classem.
630 896 763 942 dilata
794 912 872 951 re,
913 894 1008 958 (ita
1043 893 1161 939 enim
1196 890 1397 954 placuit)

119 975 384 1036 Corycum,
417 969 535 1015 unde
566 981 814 1023 venerant,
844 966 1126 1027 trajecerunt.
1151 964 1400 1027 Polyxeni-

119 1048 195 1093 das
226 1059 410 1108 quoque
425 1078 439 1099 ,
461 1058 563 1088 cum
594 1039 752 1086 frustra
788 1040 962 1086 stetiffet
979 1076 994 1095 ‚
1016 1037 1232 1100 Ephesum
1254 1037 1401 1082 rediit.

119 1118 238 1164 Tum
252 1117 470 1162 Romanae
487 1130 626 1160 naves
646 1130 798 1160 vacuo
817 1113 871 1159 ab
889 1111 1088 1159 hostibus
1104 1111 1209 1156 mari
1226 1111 1400 1155 Samum

119 1187 402 1250 trajecerunt.
433 1186 608 1232 Eodem
625 1187 673 1233 ὅ(
697 1185 876 1232 Rhodia
897 1184 1038 1231 claflis
1056 1182 1156 1244 post
1176 1182 1266 1228 dies
1288 1199 1399 1242 pau-

121 1278 200 1318 cos
235 1260 374 1307 venit.
424 1276 557 1322 quam
594 1273 644 1305 ut
688 1257 983 1320 exspectatam
1017 1255 1099 1302 esse
1140 1266 1402 1316 appareret,

121 1333 310 1397 profeffi
340 1331 569 1393 extemplo
604 1329 705 1377 sunt
736 1330 985 1393 Ephesum,
1012 1340 1059 1374 ut
1088 1340 1164 1373 aut
1189 1328 1401 1374 decerne·

121 1419 222 1454 rent
256 1406 408 1453 navali
449 1404 716 1462 certamine,
752 1420 853 1461 aut,
893 1404 924 1449 si
964 1403 1224 1448 detrectaret
1263 1401 1402 1447 hostis

123 1497 269 1544 pugna
289 1503 316 1525 i.
333 1515 346 1534 ,
372 1475 526 1540 (quod
548 1475 791 1537 plurimum
811 1476 1021 1522 intererat
1050 1474 1104 1520 ad
1131 1472 1306 1519 animos
1334 1472 1399 1519 ci-

127 1551 348 1611 vitatum)
381 1548 555 1595 ‘timoris
575 1548 901 1595 confestionem
923 1546 1237 1607 exprimerent.
1269 1546 1402 1591 Con-

123 1636 190 1671 tra
211 1623 358 1670 fauces
381 1635 539 1685 portus
561 1620 768 1668 instrttcia
801 1621 848 1667 in
874 1619 1071 1666 frontem
1101 1619 1285 1666 navium
1310 1618 1404 1664 acie

125 1701 296 1746 stetere.
323 1696 562 1760 postquam
586 1711 720 1741 nemo
753 1692 964 1740 adversus
986 1691 1103 1749 ibat,
1127 1691 1253 1738 elaffe
1285 1690 1405 1737 divi-

127 1774 194 1832 sa,
213 1789 317 1834 pars
333 1771 378 1818 in
398 1771 489 1818 salo
510 1770 563 1818 ad
583 1770 743 1816 ostium
775 1783 937 1832 portus
962 1768 1011 1814 in
1044 1768 1220 1814 ancoris
1258 1767 1372 1813 stetit
1395 1783 1409 1821 3

127 1863 226 1909 pars
247 1847 292 1892 in
320 1858 482 1892 terram
510 1843 673 1890 milites
693 1843 914 1906 exposuit.
942 1846 990 1888 ln
1016 1857 1095 1887 eos
1110 1876 1122 1897 ,
1145 1840 1228 1900 jam
1248 1842 1409 1902 ingen-

128 1935 219 1966 tem
247 1920 440 1982 praedam
462 1918 547 1964 late
579 1918 859 1979 depopulato
879 1932 987 1979 agro
1009 1926 1206 1976 agentes,
1228 1914 1410 1960 Andro—

130 1993 258 2039 nicus
294 1991 512 2046 Macedo,
541 1989 620 2052 qui
654 1988 700 2034 in
734 1987 938 2049 praeiidio
973 1984 1130 2046 Ephefi
1167 2000 1286 2040 erat,
1323 1983 1410 2043 jam

130 2062 361 2108 moenibus
383 2061 795 2124 appropinquantes
823 2058 1106 2121 eruptionem
1133 2056 1266 2113 fecit,
1297 2074 1413 2102 exu-

132 2135 290 2197 tosque
319 2151 478 2197 magna
505 2126 630 2194 parte
661 2134 822 2194 praedae
843 2133 900 2178 ad
927 2147 1047 2178 mare
1076 2146 1127 2175 ac
1158 2147 1290 2175 naves
1311 2130 1413 2174 redu

133 2208 235 2270 egit.
271 2207 456 2253 Postero
477 2206 571 2264 die,
598 2205 764 2252 insidiis
791 2205 942 2251 medio
962 2203 1100 2250 ferme
1127 2202 1214 2248 viae
1235 2202 1416 2264 potiris,

134 2280 189 2326 ad
210 2279 478 2327 eliciendum
513 2292 635 2325 extra
663 2279 830 2325 moenia
856 2277 1184 2331 Macedonem,
1218 2275 1414 2320 Romani

136 2353 193 2398 ad
221 2353 377 2399 urbem
401 2351 576 2416 agmine
598 2352 686 2397 iere
709 2370 718 2397 :
739 2351 840 2397 inde
855 2387 869 2409 ,
889 2367 991 2397 cum
1012 2365 1061 2394 ea
1082 2347 1173 2409 ipsa
1196 2346 1420 2408 suspicio,

136 2441 192 2472 ne
209 2425 310 2490 quis
330 2426 496 2486 exiret,
514 2424 785 2473 deterruiffet
800 2460 817 2482 ,
830 2424 1061 2470 redierunt
1083 2420 1137 2466 ad
1156 2436 1293 2467 naves
1312 2437 1323 2465 ε
1344 2421 1416 2475 ὃς,

1085 2494 1101 2539 t
1137 2510 1167 2552 4
