1618 2715
184 126 280 174 452
546 78 1111 154 Tt‘rtLtvit

187 220 384 266 Romam
410 229 599 281 utraque
629 233 729 280 pars
755 216 970 262 miserunt
1001 215 1171 279 legatos
1188 251 1200 273 ,
1223 216 1273 263 &
1293 213 1409 262 inter
1432 214 1478 262 se

187 291 269 353 ipfi
290 293 343 338 de
361 293 696 339 reconcilianda
716 291 965 340 concordia
984 291 1173 355 agebant
1192 311 1201 338 :
1224 309 1324 354 quae
1345 306 1477 337 novo

188 364 392 412 facinore
425 366 609 413 discussa
640 382 709 412 res
751 378 926 413 veteres
959 365 1092 412 etiam
1123 365 1209 412 iras
1246 363 1480 411 excitavit..

186 438 430 486 Exsulibus
461 440 719 503 Hypataeis,
754 439 833 502 qui
863 439 1072 485 fastionis
1099 439 1291 484 Proxeni
1324 449 1479 494 erant,

187 528 292 557 cum
328 512 495 557 reditus
531 512 577 557 in
621 511 806 573 patriam
840 511 1083 574 promissus
1117 510 1248 567 effet,
1281 510 1480 573 fidesque

189 584 291 629 (lata
311 600 389 645 per
408 583 664 646 principem
683 583 881 631 civitatis
904 583 1232 645 Eupolemum‚
1247 582 1478 645 ocioginta

190 656 383 703 illustres
404 656 638 715 homines,
654 656 820 719 quibus
840 655 1134 702 redeuntibus
1151 655 1268 701 inter
1290 665 1483 701 ceteram

189 731 531 778 multitudinem
544 731 821 793 Eupolemus
839 730 974 789 etiam
988 729 1156 776 obvius
1170 728 1365 783 exierat,
1379 743 1486 774 cum

192 803 460 852 salutatione
483 804 668 868 benigni
690 803 869 866 excepti
892 803 1052 861 essent,
1069 802 1327 863 dextraeque
1346 799 1488 856 datae,

191 876 495 940 ingredientes
522 890 730 940 portam,
760 876 894 923 fidem
927 877 1075 922 datam
1105 873 1324 936 Deosque
1357 872 1488 918 testes

193 951 500 1015 nequidquam
528 951 828 1008 invocantes,
859 949 1082 997 interfeffi
1109 948 1227 995 sunt.
1252 946 1357 993 lnde
1388 963 1488 1009 gra·-

196 1024 301 1072 vius
331 1024 385 1069 de
414 1023 593 1087 integro
625 1024 791 1070 bellum
824 1023 998 1070 exarfit.
1027 1024 1081 1069 C.
1105 1020 1311 1067 Valerius
1339 1018 1490 1065 Laevi-

198 1115 281 1146 nus
299 1134 311 1153 ‚
332 1099 380 1144 δέ
404 1100 487 1159 Ap.
506 1097 721 1144 Claudius
750 1098 971 1156 Pulcher,
989 1100 1050 1157 ‚&
1073 1098 1126 1143 C.
1148 1094 1415 1152 Memmius,
1441 1095 1491 1140 &

199 1174 266 1219 M.
293 1171 542 1233 Popillius,
570 1172 620 1218 δὲ
652 1174 701 1218 L.
729 1170 978 1231 Canuleius
1001 1170 1114 1216 miffi
1144 1170 1198 1216 ab
1221 1169 1376 1216 senatu
1406 1184 1494 1213 ve-

197 1257 372 1292 nerant.
396 1246 526 1306 Apud
548 1260 626 1290 eos
656 1261 757 1290 cum
786 1244 985 1306 Delphis
1010 1242 1238 1305 utriusque
1267 1240 1405 1303 partis
1426 1239 1494 1285 le⁸⁸<

199 1318 289 1381 gati
309 1333 476 1379 magno
509 1314 754 1364 certamine
778 1327 990 1378 agerent,
1012 1315 1245 1360 Proxenus
1273 1311 1463 1363 maxime
1479 1346 1498 1369 ‚

200 1408 306 1438 cum
328 1389 455 1437 causa
473 1426 487 1446 ‚
509 1403 604 1436 tum
626 1388 887 1451 eloquentia
904 1424 917 1445 ,
946 1386 1153 1449 praestare
1174 1385 1291 1433 visus
1309 1383 1370 1430 est
1386 1400 1398 1439 ;
1416 1382 1496 1446 qui

202 1481 376 1528 paucos
411 1462 511 1526 post
538 1463 630 1509 dies
663 1462 718 1508 ab
750 1460 1015 1507 Orthobula
1043 1475 1191 1506 uxore
1219 1473 1405 1504 veneno
1432 1454 1497 1502 est

203 1539 403 1587 sublatus
420 1557 433 1585 :
450 1538 746 1601 damnataque
767 1553 824 1582 eo
842 1534 1031 1582 crimine
1045 1570 1059 1592 ,
1081 1533 1128 1580 in
1149 1530 1352 1580 exfilium
1374 1528 1500 1579 abiit.

200 1615 323 1661 Idem
351 1613 478 1660 furor
509 1614 558 1659 &
585 1609 819 1659 Cretenses
844 1607 1080 1655 lacerabat.
1111 1606 1313 1653 adventu
1337 1602 1502 1664 deinde

204 1690 265 1747 Q.
296 1685 488 1732 Minucii
516 1683 674 1748 legati,
701 1681 778 1746 qui
811 1697 916 1728 cum
951 1680 1104 1726 decem
1136 1676 1326 1724 navibus
1349 1674 1501 1720 miffus

204 1762 259 1807 ad
290 1760 419 1806 tedas
411 1760 478 1805 da
512 1775 672 1804 eorum
714 1754 958 1803 certamina
991 1765 1111 1809 erat,
1142 1751 1190 1797 in
1222 1750 1340 1812 {pem
1378 1747 1505 1810 pacis

208 1846 442 1880 venerant.
475 1844 674 1879 ceterum
702 1827 898 1875 induciae
931 1828 980 1873 &
1015 1839 1145 1871 antea
1181 1823 1253 1869 sex
1280 1821 1500 1868 mentium

207 1907 391 1954 suerunt
412 1924 422 1951 ε
445 1904 550 1952 inde
586 1902 731 1949 multo
763 1901 947 1965 gravius
975 1898 1142 1945 bellum
1166 1895 1335 1943 exarsit.
1367 1892 1502 1956 Lycii

133 1972 137 1977 l
206 1997 391 2043 quoque
422 1978 651 2039 peridem
683 1989 858 2037 tempus
891 1974 947 2020 ab
969 1971 1165 2019 Rhodiis
1201 1969 1322 2016 bello
1360 1984 1501 2016 vexa·-

206 2057 384 2103 bantur.
412 2053 497 2099 Sed
517 2063 812 2099 externorum
841 2049 957 2095 inter
971 2047 1012 2093 se
1034 2045 1173 2102 bella,
1193 2060 1289 2107 quo
1307 2058 1502 2106 quaeque

205 2148 248 2176 n
255 2130 348 2174 >do
372 2127 485 2191 gesta
510 2126 635 2180 sunt
662 2122 864 2186 persequi
883 2138 978 2168 non
1010 2135 1162 2181 operae
1184 2117 1274 2175 est,
1295 2115 1396 2162 satis
1426 2113 1502 2159 su-³

205 2217 375 2264 perque
406 2198 559 2246 oneris
588 2195 819 2283 sustinenti
843 2211 912 2242 res
932 2211 956 2240 a
980 2191 1157 2257 populo
1181 2192 1391 2237 Romano
1423 2202 1503 2249 ge<-

207 2275 289 2321 ssas
320 2273 526 2320 teribe-ce.

275 2348 452 2392 XXVI.
484 2343 744 2392 Celtiberi
735 2362 781 2390 m
815 2340 1059 2405 Hispania,
1080 2339 1157 2402 qui
1189 2335 1309 2383 bello
1340 2332 1504 2380 domiti

193 2418 246 2466 se
286 2420 359 2468 Ti.
389 2418 604 2468 Graccho
639 2416 928 2476 dediderant,
965 2412 1112 2480 pacati
1144 2408 1396 2458 manserant
1433 2407 1498 2454 M.
