1618 2715
210 91 294 138 106
560 90 1125 136 T1T1L1V11

202 196 364 244 servari
392 213 488 243 eam
515 195 698 251 Achaei,
724 193 817 240 Elei
842 211 921 257 per
939 193 979 240 se
1004 194 1082 257 ipsi
1100 231 1111 252 ,
1140 210 1271 257 qnam
1293 210 1370 257 per
1387 195 1487 242 Ros

202 287 393 329 manos,
441 270 697 316 maluerunt
738 267 939 313 Achaico
990 267 1219 314 contribui
1269 266 1488 314 concilio.

200 343 492 407 Epirotarum
514 341 647 406 legati
665 341 719 387 ad
739 339 969 387 consulem
991 353 1235 399 venerunt,
1255 356 1371 401 quos
1390 356 1487 385 non

201 417 370 463 sincera
398 414 483 461 fide
502 415 547 460 in
582 413 776 461 amicitia
805 412 929 460 fuisse
959 412 1058 459 satis
1080 411 1340 459 constabat:
1367 411 1487 457 mili-

202 501 293 535 tem
337 501 485 534 tamen
527 486 701 532 nullum
746 485 981 533 AntIOcho
1024 486 1246 533 dederant.
1296 483 1488 548 pecnnia

203 561 362 624 juvisse
393 577 496 606 eum
527 559 892 604 infimulabantur
918 575 933 613 ;
962 557 1133 621 legatos
1161 558 1214 604 ad
1249 574 1398 621 regem
1433 572 1490 602 ne

206 634 285 696 ipsi
313 632 493 695 quidem
522 630 677 677 mififfe
698 629 1019 676 infitiabantur.
1053 629 1107 676 lis
1131 631 1414 692 petentibus,
1442 639 1492 674 ut

207 706 253 751 in
282 703 476 751 amicitia
506 702 690 764 pristina
722 701 805 748 esse
835 701 1023 758 liceret,
1049 700 1277 763 respondit
1309 699 1494 757 consul,

208 784 243 825 5
245 798 262 824 e
282 794 418 824 utrum
439 777 613 843 hostium
627 807 640 830 ‚
664 795 721 821 an
740 791 982 835 pacatorum
995 810 1009 831 ,
1028 792 1095 819 eos
1121 792 1287 819 numero
1308 775 1466 818 haber-et
1479 807 1496 830 ,

211 856 397 898 nondum
411 852 534 912 fiire.
559 853 759 895 Senatum
779 849 868 904 ejus
888 850 942 892 rei
959 847 1147 903 judicem
1157 845 1264 905 fore.
1289 848 1497 907 Integram

200 929 250 988 se
272 927 441 985 causam
470 943 605 970 eorum
636 926 814 969 Romam
843 920 1012 978 rejicere.
1046 922 1239 966 inducias
1266 921 1326 965 ad
1343 922 1391 965 id
1409 922 1500 965 die-

212 1017 301 1044 rum
323 999 560 1058 nonaginta
587 999 696 1041 dare.
727 994 923 1056 Epirotae
943 992 1138 1037 Romam
1167 989 1280 1036 miffi
1301 989 1500 1036 senatum

213 1072 432 1119 adierunt.
453 1070 504 1117 iis
522 1106 536 1128 ,
555 1069 717 1132 magis,
738 1085 839 1132 quae
861 1083 957 1114 non
977 1065 1177 1113 feciffent
1197 1064 1375 1110 hostilia
1391 1099 1404 1122 ‚
1428 1079 1501 1109 re-

216 1144 461 1191 ferentibus
476 1178 489 1200 ‚
511 1159 644 1205 quam
665 1140 959 1205 purgantibus
980 1156 1054 1197 ea,
1080 1139 1133 1185 de
1158 1140 1322 1202 quibus
1342 1153 1501 1200 argue-

212 1217 401 1275 bantur,
433 1213 692 1278 responsum
727 1214 878 1260 datum
908 1212 995 1271 est,
1030 1229 1123 1276 quo
1150 1211 1328 1258 veniam
1360 1209 1503 1272 impe-

220 1290 372 1347 traffe,
417 1305 511 1336 non
553 1286 724 1335 causam
763 1285 966 1349 probasse
983 1321 996 1343 ,
1035 1284 1178 1330 videri
1218 1283 1426 1346 poffent.·
1448 1284 1507 1329 Et

217 1361 414 1427 Philippi
443 1361 556 1426 regis
584 1360 715 1424 legati
749 1360 828 1406 sub
859 1358 979 1405 idem*
1014 1371 1191 1421 tempus
1228 1357 1274 1404 in
1304 1355 1508 1403 senatum

219 1436 465 1485 introduffi
484 1471 496 1494 ,
517 1435 787 1499 gratulantes
817 1435 870 1480 de
901 1433 1106 1481 vieroria.
1138 1432 1191 1480 iis
1220 1431 1506 1496 petentibus,

218 1525 270 1559 ut
300 1511 379 1558 fibi
410 1507 651 1557 sacrificare
671 1509 718 1554 in
739 1507 975 1570 Capitolio
993 1543 1005 1565 ‚
1028 1507 1289 1569 donumque
1315 1522 1369 1552 ex
1394 1519 1507 1551 auro

221 1586 376 1632 liceret
407 1599 578 1646 ponere
599 1583 646 1628 in
668 1582 761 1628 aede
795 1580 925 1628 Jovis.
953 1579 1132 1642 Optimi
1161 1578 1378 1635 Maximi,
1405 1593 1509 1640 per-

223 1658 398 1705 missum
424 1657 479 1702 ab
498 1655 666 1702 senam.
697 1669 879 1702 centum
901 1653 1059 1716 pondo
1087 1668 1305 1700 coronam
1328 1666 1511 1698 auream

221 1732 482 1796 posuerunt.
519 1730 630 1776 Non
663 1727 925 1791 responsum
954 1727 1100 1773 solum
1128 1725 1318 1790 benigne
1353 1723 1512 1788 legatis

225 1806 286 1852 est
303 1822 316 1861 ;
337 1803 410 1850 sed
427 1802 621 1865 Philippi
641 1818 827 1866 quoque
846 1800 963 1847 filius
981 1801 1243 1848 Demetrius
1256 1836 1269 1858 ,
1288 1799 1367 1863 qui
1384 1797 1515 1845 obses

226 1880 390 1926 Rornae
408 1888 528 1935 erat,
546 1877 600 1923 ad
632 1889 802 1939 patrem
826 1875 1104 1923 reducendus
1125 1872 1278 1937 legatis
1298 1873 1421 1920 datus
1439 1871 1515 1919 est.

229 1951 424 2009 Bellum,
443 1950 569 2013 quod
589 1966 692 1996 cum
712 1949 946 1998 Antiocho
966 1964 1069 2011 rege
1085 1947 1133 1994 in
1151 1946 1327 1994 Graecia
1344 1943 1516 2010 gestum

230 2023 293 2072 est
312 2041 335 2070 a
355 2023 430 2068 Μ’.
447 2021 597 2069 Acilio
618 2021 827 2079 con-sule,
853 2021 973 2068 hunc
994 2019 1131 2067 finem
1150 2019 1319 2067 hahuit.

301 2100 531 2146 XXXVI.
551 2097 677 2144 Alter
697 2095 856 2144 consul
876 2099 923 2144 P.
944 2094 1188 2142 Corne}ius
1211 2091 1386 2156 Scipio,
1404 2090 1520 2138 Gal-

234 2172 340 2219 liam
377 2171 667 2234 provinciam
702 2169 912 2228 sortitam,
946 2167 1202 2232 priusquam
1235 2166 1291 2212 ad
1324 2162 1519 2223 bellum,

235 2245 362 2309 quod
401 2261 503 2291 cum
541 2242 664 2306 Bojis
703 2242 946 2307 gerendum
977 2254 1102 2299 erat,
1130 2236 1521 2302 proficisceretur,

236 2319 483 2382 postulavit
513 2321 569 2368 ab
597 2319 773 2379 senat-u,
801 2330 851 2366 ut
880 2317 1069 2382 pecunia
1103 2315 1183 2362 fibi
1211 2315 1521 2361 decerneretur

239 2393 296 2441 ad
328 2395 485 2454 ludos,
505 2411 623 2461 quos
654 2404 911 2460 propraetor
934 2391 984 2441 in
1009 2387 1220 2456 Hispania
1245 2386 1361 2437 inter
1379 2383 1520 2449 ipsum
