1618 2715
256 101 381 150 ‘ru-1
407 100 550 149 mvn
571 74 918 164 ΗΙΒΤΟΗῙΑΒ,
939 102 1044 149 Llss.
1064 101 1288 152 xxxix,
1358 119 1448 167 279

217 212 363 260 manis,
383 211 446 262 qui
464 210 513 250 ad
526 208 933 261 exposcendumillum
948 209 994 250 T.
1012 209 1240 259 Quinctium
1263 208 1449 250 Flamini-

213 286 306 312 num
321 273 524 321 miserant,
539 286 688 312 vcneno
705 273 771 313 fibi
785 280 950 311 mortem
965 270 1159 310 conscivit.
1178 270 1447 323 Philopoemen

211 349 387 386 quoque,
406 336 485 375 dux
502 336 729 376 Achaeorum
741 367 751 384 ‚
772 336 827 374 vir
843 335 1052 383 maximus,
1070 348 1091 373 a
1114 334 1308 374 Messeniis
1325 336 1448 375 inter-

210 406 332 436 emtus
349 410 496 435 veneno
508 427 520 443 ,
537 410 628 437 cum
651 398 699 436 ab
715 397 758 435 iis
775 395 876 436 bello
895 406 1029 446 captus
1052 395 1152 435 esset.
1182 395 1354 436 Colonia:
1370 398 1447 438 Po-

211 458 350 506 tentia,
370 460 405 497 &
422 457 614 497 Pisaurum
627 490 639 507 ‚
658 460 700 498 &
723 458 879 498 Mutina
894 488 905 506 ,
934 459 968 497 6<
985 458 1116 497 Parma
1146 458 1319 498 deducta:
1346 459 1445 499 sunt..

207 519 391 559 Praeterea
407 532 466 558 res
483 519 661 558 adversus
680 519 892 559 Celtiberos
922 520 1100 570 prospere
1119 520 1260 570 gestas,
1279 523 1314 560 Sc
1336 522 1445 561 initia

207 580 411 631 causasque
427 582 517 621 belli
536 582 782 622 Macedonici
797 583 970 621 continet
985 597 994 631 3
1011 583 1119 631 cujus
1134 584 1245 632 origo
1261 583 1352 622 inde
1366 584 1443 623 flu-

208 643 285 690 xit,
307 644 412 693 quod
429 643 624 694 Philippus
640 657 736 694 aegre
757 644 927 692 ferebat,
949 657 1108 694 regnum
1132 644 1241 683 suum
1264 646 1444 684 imminui

207 717 228 743 a
244 705 426 745 Romanis
441 736 452 753 ,
473 708 508 744 ἃ
523 707 629 756 quod
650 717 870 758 cogeretur,
886 720 907 746 a
923 706 1140 747 Thracibus
1167 706 1320 757 aliisque
1346 706 1443 747 locis

207 766 382 816 praesidia
408 767 612 806 deducere.

154 954 186 998 Ι.
223 888 460 1002 DUM
497 952 595 999 haee
634 951 696 1016 (fi
725 953 866 1000 modo
901 953 1144 1000 hoc‘anno
1178 955 1272 1001 acta
1305 953 1440 1018 sunt)

152 1022 313 1068 Romae
340 1035 556 1086 aguntur,
583 1023 789 1082 consules
819 1025 1027 1073 ambo'in
1054 1025 1290 1089 Liguribus
1312 1044 1440 1090 gere-

152 1094 259 1140 bant
282 1095 463 1142 bellum.
498 1099 535 1142 Is
564 1097 702 1144 hostis
726 1097 852 1144 velut
881 1108 1008 1143 natus
1034 1096 1089 1143 ad
1117 1095 1439 1143 continendam

149 1168 266 1215 inter
291 1185 560 1231 magnorum
587 1168 824 1216 intervalla
853 1169 1076 1216 bellorum
1110 1169 1328 1216 Romanis
1349 1168 1437 1215 mi-

152 1240 324 1286 litarem
340 1239 616 1302 disciplinam
638 1252 755 1287 erat:
778 1257 859 1288 nec
881 1240 965 1287 alia
986 1239 1228 1303 provincia
1248 1240 1436 1287 militem

151 1311 289 1375 magis
319 1312 373 1357 ad
395 1311 606 1359 virtutem
635 1313 836 1360 acuebat.
875 1331 979 1360 nam
1009 1312 1133 1371 Asta,
1162 1315 1212 1360 &
1243 1314 1437 1360 amoeni-

151 1396 240 1431 tate
263 1384 469 1441 urbium,
493 1385 542 1432 &
574 1384 706 1447 copia
729 1386 1000 1433 terrestrium
1021 1385 1437 1449 maritimarumque

149 1473 321 1515 rerum,
353 1459 403 1504 &
427 1456 619 1504 mollitia
648 1457 866 1515 hostium,
893 1458 1111 1522 regiisque
1146 1458 1336 1521 opibus,
1367 1458 1435 1504 di-

149 1530 310 1587 tiores,
331 1545 465 1592 quam
491 1529 729 1586 fortiores,
749 1532 967 1578 exercitus
986 1530 1189 1577 faciebat.
1208 1529 1435 1593 praecipue

149 1599 228 1645 sub
247 1599 438 1662 imperio
462 1602 549 1648 Cn.
575 1601 734 1648 Manlii
755 1601 902 1648 solute
922 1619 973 1648 ae
994 1602 1272 1664 negligenter
1295 1601 1434 1648 babiti

150 1673 265 1720 sunt.
291 1674 440 1737 itaque
460 1674 657 1736 asperius
675 1675 812 1737 paulo
836 1675 920 1721 iter
942 1675 986 1721 in
1003 1676 1195 1722 Thracia
1210 1711 1222 1733 ‚
1242 1677 1292 1722 &
1309 1692 1434 1720 exer-

150 1747 332 1795 citatior
359 1747 501 1796 hostis
521 1765 677 1812 magna
704 1749 826 1797 clade
846 1766 924 1795 eos
949 1748 1198 1812 castigavit.
1229 1752 1276 1794 ln
1299 1748 1434 1809 Ligu-

150 1819 273 1866 ribus
304 1818 457 1866 omnia
489 1832 640 1876 erant,
676 1838 776 1883 quae
809 1820 996 1867 militem
1022 1820 1303 1866 excitarent:
1336 1820 1435 1866 loca

149 1903 365 1938 montana
391 1893 440 1938 &
470 1891 644 1954 aspera,
666 1910 766 1955 quae
788 1895 836 1940 δι
860 1892 960 1954 ipsis
990 1909 1146 1953 capere
1169 1893 1298 1938 labor
1317 1905 1434 1949 erat,

151 1966 203 2011 &
221 1981 278 2011 ex
300 1965 630 2027 praeoccupatis
655 1965 844 2027 dejicere
868 1966 1038 2012 hostem
1059 1985 1069 2012 :
1090 1966 1248 2014 itinera
1271 1967 1406 2013 ardua
1420 2001 1435 2023 ,

152 2035 359 2099 angusta,
378 2035 533 2083 infesta
564 2036 728 2083 infidiis
749 2056 759 2085 :
785 2037 921 2084 hostis
950 2038 1093 2096 levis,
1114 2042 1164 2086 ὅτ.
1195 2040 1358 2097 velox,
1384 2041 1434 2086 ὃ(

152 2109 438 2171 repentinus,
457 2109 534 2172 qui
552 2111 723 2157 nullum
744 2111 925 2174 usquam
950 2124 1147 2173 tempus,
1165 2112 1337 2158 nullum
1358 2112 1432 2157 lo-

153 2198 259 2228 cum
278 2180 478 2243 quietum
499 2194 574 2229 aut
599 2182 800 2230 securum
826 2184 910 2231 effe
931 2184 1090 2230 fineret
1110 2183 1433 2247 t‘oppugnatio

152 2253 388 2300 necessaria
408 2254 687 2302 munitorum
719 2256 1000 2303 castellorum
1016 2292 1029 2313 ‚
1048 2256 1273 2303 laboriosa
1306 2256 1432 2303 fimul

151 2325 512 2389 periculosaque:
530 2326 663 2390 inops
679 2328 803 2392 regio
813 2345 938 2392 ,quae
959 2328 1226 2391 parsimonia
1243 2328 1433 2375 adstriu==

152 2408 277 2458 geret
295 2397 477 2459 milites,
496 2400 659 2464 praedae
674 2400 793 2447 haud
811 2401 997 2448 multum
1023 2403 1253 2465 praeberet.
1282 2403 1437 2464 Itaque*

1091 2475 1183 2534 54
