<?xml version="1.0" encoding="UTF-8"?>
<!DOCTYPE html PUBLIC "-//W3C//DTD XHTML 1.0 Transitional//EN"
    "http://www.w3.org/TR/xhtml1/DTD/xhtml1-transitional.dtd">
<html xmlns="http://www.w3.org/1999/xhtml" xml:lang="en" lang="en">
 <head>
  <title>
</title>
<meta http-equiv="Content-Type" content="text/html;charset=utf-8" />
  <meta name='ocr-system' content='tesseract 3.04.00' />
  <meta name='ocr-capabilities' content='ocr_page ocr_carea ocr_par ocr_line ocrx_word'/>
</head>
<body>
  <div class='ocr_page' id='page_1' title='image "./historiarumlibri06livyuoft_0435.png"; bbox 0 0 1618 2715; ppageno 0'>
   <div class='ocr_carea' id='block_1_1' title="bbox 341 103 1478 186">
    <p class='ocr_par' dir='ltr' id='par_1_1' title="bbox 341 103 1478 186">
     <span class='ocr_line' id='line_1_1' title="bbox 341 103 1478 186; baseline 0.001 -17"><span class='ocrx_word' id='word_1_1' title='bbox 341 123 1200 171; x_wconf 64' lang='lat' dir='ltr'>HtsToRIARtriv1L13.XL1.</span> <span class='ocrx_word' id='word_1_2' title='bbox 1321 139 1410 186; x_wconf 72' lang='lat'>423</span> <span class='ocrx_word' id='word_1_3' title='bbox 1476 103 1478 107; x_wconf 78' lang='grc'><strong>’</strong></span> 
     </span>
    </p>
   </div>
   <div class='ocr_carea' id='block_1_2' title="bbox 60 225 1422 2477">
    <p class='ocr_par' dir='ltr' id='par_1_2' title="bbox 60 225 1422 2254">
     <span class='ocr_line' id='line_1_2' title="bbox 124 225 1414 273; baseline -0.002 0"><span class='ocrx_word' id='word_1_4' title='bbox 124 225 266 273; x_wconf 85' lang='lat' dir='ltr'>claffis</span> <span class='ocrx_word' id='word_1_5' title='bbox 304 226 509 273; x_wconf 85' lang='lat' dir='ltr'>submota</span> <span class='ocrx_word' id='word_1_6' title='bbox 541 226 613 272; x_wconf 81' lang='lat' dir='ltr'>est.</span> <span class='ocrx_word' id='word_1_7' title='bbox 652 227 890 272; x_wconf 82' lang='lat' dir='ltr'>Secernere</span> <span class='ocrx_word' id='word_1_8' title='bbox 911 225 1013 271; x_wconf 84' lang='lat' dir='ltr'>inde</span> <span class='ocrx_word' id='word_1_9' title='bbox 1034 225 1226 271; x_wconf 79' lang='lat' dir='ltr'>inermes</span> <span class='ocrx_word' id='word_1_10' title='bbox 1258 226 1312 271; x_wconf 83' lang='lat' dir='ltr'>ab</span> <span class='ocrx_word' id='word_1_11' title='bbox 1338 244 1414 271; x_wconf 79' lang='lat' dir='ltr'>ar-</span> 
     </span>
     <span class='ocr_line' id='line_1_3' title="bbox 122 297 1413 361; baseline -0.003 -15"><span class='ocrx_word' id='word_1_12' title='bbox 122 299 253 347; x_wconf 83' lang='lat' dir='ltr'>matis</span> <span class='ocrx_word' id='word_1_13' title='bbox 287 300 438 361; x_wconf 81' lang='lat' dir='ltr'>coepit.</span> <span class='ocrx_word' id='word_1_14' title='bbox 476 299 560 345; x_wconf 72' lang='lat' dir='ltr'>vix</span> <span class='ocrx_word' id='word_1_15' title='bbox 588 298 711 345; x_wconf 88' lang='lat' dir='ltr'>mille</span> <span class='ocrx_word' id='word_1_16' title='bbox 742 298 923 346; x_wconf 84' lang='lat' dir='ltr'>ducenti</span> <span class='ocrx_word' id='word_1_17' title='bbox 957 314 1012 344; x_wconf 82' lang='lat' dir='ltr'>ex</span> <span class='ocrx_word' id='word_1_18' title='bbox 1048 309 1169 343; x_wconf 86' lang='lat' dir='ltr'>tanta</span> <span class='ocrx_word' id='word_1_19' title='bbox 1206 297 1413 343; x_wconf 49' lang='lat' dir='ltr'>multitud</span> 
     </span>
     <span class='ocr_line' id='line_1_4' title="bbox 123 371 1413 435; baseline 0.001 -17"><span class='ocrx_word' id='word_1_20' title='bbox 123 372 259 430; x_wconf 88' lang='lat' dir='ltr'>dine,</span> <span class='ocrx_word' id='word_1_21' title='bbox 295 372 372 435; x_wconf 87' lang='lat' dir='ltr'>qui</span> <span class='ocrx_word' id='word_1_22' title='bbox 405 389 527 418; x_wconf 85' lang='lat' dir='ltr'>arma</span> <span class='ocrx_word' id='word_1_23' title='bbox 562 372 809 430; x_wconf 79' lang='lat' dir='ltr'><strong>haberent,</strong></span> <span class='ocrx_word' id='word_1_24' title='bbox 844 371 1058 434; x_wconf 81' lang='lat' dir='ltr'>perpauci</span> <span class='ocrx_word' id='word_1_25' title='bbox 1091 371 1262 434; x_wconf 82' lang='lat' dir='ltr'>equites</span> <span class='ocrx_word' id='word_1_26' title='bbox 1282 407 1297 430; x_wconf 90' lang='lat'>‚</span> <span class='ocrx_word' id='word_1_27' title='bbox 1331 372 1413 435; x_wconf 82' lang='lat' dir='ltr'>qui</span> 
     </span>
     <span class='ocr_line' id='line_1_5' title="bbox 122 445 1416 508; baseline 0.001 -17"><span class='ocrx_word' id='word_1_28' title='bbox 122 462 266 508; x_wconf 86' lang='lat' dir='ltr'>equos</span> <span class='ocrx_word' id='word_1_29' title='bbox 300 445 446 492; x_wconf 88' lang='lat' dir='ltr'>secum</span> <span class='ocrx_word' id='word_1_30' title='bbox 477 446 756 505; x_wconf 75' lang='lat' dir='ltr'>eduxissent,</span> <span class='ocrx_word' id='word_1_31' title='bbox 794 445 972 491; x_wconf 85' lang='lat' dir='ltr'>inventi</span> <span class='ocrx_word' id='word_1_32' title='bbox 1005 445 1120 491; x_wconf 86' lang='lat' dir='ltr'>sunt.</span> <span class='ocrx_word' id='word_1_33' title='bbox 1156 457 1302 492; x_wconf 87' lang='lat' dir='ltr'>cetera</span> <span class='ocrx_word' id='word_1_34' title='bbox 1337 446 1416 492; x_wconf 92' lang='lat' dir='ltr'>de-</span> 
     </span>
     <span class='ocr_line' id='line_1_6' title="bbox 122 517 1413 580; baseline 0.002 -17"><span class='ocrx_word' id='word_1_35' title='bbox 122 517 280 564; x_wconf 90' lang='lat' dir='ltr'>formis</span> <span class='ocrx_word' id='word_1_36' title='bbox 311 519 471 577; x_wconf 89' lang='lat' dir='ltr'>turba,</span> <span class='ocrx_word' id='word_1_37' title='bbox 503 519 630 565; x_wconf 91' lang='lat' dir='ltr'>velut</span> <span class='ocrx_word' id='word_1_38' title='bbox 662 517 852 565; x_wconf 82' lang='lat' dir='ltr'><strong>lixarum</strong></span> <span class='ocrx_word' id='word_1_39' title='bbox 889 517 1190 580; x_wconf 74' lang='lat' dir='ltr'>calonumque</span> <span class='ocrx_word' id='word_1_40' title='bbox 1212 554 1226 575; x_wconf 91' lang='lat'>,</span> <span class='ocrx_word' id='word_1_41' title='bbox 1261 518 1413 580; x_wconf 80' lang='lat' dir='ltr'>praeda</span> 
     </span>
     <span class='ocr_line' id='line_1_7' title="bbox 122 590 1415 650; baseline -0.001 -12"><span class='ocrx_word' id='word_1_42' title='bbox 122 608 230 638; x_wconf 89' lang='lat' dir='ltr'>vere</span> <span class='ocrx_word' id='word_1_43' title='bbox 253 590 401 638; x_wconf 88' lang='lat' dir='ltr'>futura</span> <span class='ocrx_word' id='word_1_44' title='bbox 420 628 433 650; x_wconf 91' lang='lat'>,</span> <span class='ocrx_word' id='word_1_45' title='bbox 467 591 498 638; x_wconf 87' lang='lat' dir='ltr'>fi</span> <span class='ocrx_word' id='word_1_46' title='bbox 534 591 641 638; x_wconf 90' lang='lat' dir='ltr'>belli</span> <span class='ocrx_word' id='word_1_47' title='bbox 668 590 816 637; x_wconf 87' lang='lat' dir='ltr'>hostes</span> <span class='ocrx_word' id='word_1_48' title='bbox 837 591 1147 637; x_wconf 74' lang='lat' dir='ltr'>meminissent.</span> <span class='ocrx_word' id='word_1_49' title='bbox 1178 590 1310 638; x_wconf 90' lang='lat' dir='ltr'>Tunc</span> <span class='ocrx_word' id='word_1_50' title='bbox 1333 591 1415 637; x_wconf 88' lang='lat' dir='ltr'>de-</span> 
     </span>
     <span class='ocr_line' id='line_1_8' title="bbox 121 662 1414 727; baseline -0.001 -16"><span class='ocrx_word' id='word_1_51' title='bbox 121 682 246 711; x_wconf 86' lang='lat' dir='ltr'>mum</span> <span class='ocrx_word' id='word_1_52' title='bbox 269 665 450 721; x_wconf 84' lang='lat' dir='ltr'>nuntius</span> <span class='ocrx_word' id='word_1_53' title='bbox 480 664 535 710; x_wconf 88' lang='lat' dir='ltr'>ad</span> <span class='ocrx_word' id='word_1_54' title='bbox 552 664 726 710; x_wconf 83' lang='lat' dir='ltr'>tertiam</span> <span class='ocrx_word' id='word_1_55' title='bbox 757 663 981 727; x_wconf 86' lang='lat' dir='ltr'>legionem</span> <span class='ocrx_word' id='word_1_56' title='bbox 1002 662 1333 719; x_wconf 85' lang='lat' dir='ltr'>revocandam,</span> <span class='ocrx_word' id='word_1_57' title='bbox 1362 664 1414 710; x_wconf 74' lang='grc' dir='ltr'>δε</span> 
     </span>
     <span class='ocr_line' id='line_1_9' title="bbox 123 734 1414 799; baseline -0.002 -16"><span class='ocrx_word' id='word_1_58' title='bbox 123 737 363 783; x_wconf 84' lang='lat' dir='ltr'>Gallorum</span> <span class='ocrx_word' id='word_1_59' title='bbox 389 736 666 799; x_wconf 68' lang='lat' dir='ltr'>praesidium:</span> <span class='ocrx_word' id='word_1_60' title='bbox 701 739 750 784; x_wconf 88' lang='lat'>&amp;</span> <span class='ocrx_word' id='word_1_61' title='bbox 768 736 895 783; x_wconf 75' lang='lat' dir='ltr'>simul</span> <span class='ocrx_word' id='word_1_62' title='bbox 912 753 968 784; x_wconf 83' lang='lat' dir='ltr'>ex</span> <span class='ocrx_word' id='word_1_63' title='bbox 990 735 1202 786; x_wconf 86' lang='lat' dir='ltr'>omnibus</span> <span class='ocrx_word' id='word_1_64' title='bbox 1223 734 1336 783; x_wconf 87' lang='lat' dir='ltr'>locis</span> <span class='ocrx_word' id='word_1_65' title='bbox 1355 735 1414 781; x_wconf 86' lang='lat' dir='ltr'>ad</span> 
     </span>
     <span class='ocr_line' id='line_1_10' title="bbox 124 806 1422 871; baseline -0.002 -15"><span class='ocrx_word' id='word_1_66' title='bbox 124 808 264 857; x_wconf 89' lang='lat' dir='ltr'>castra</span> <span class='ocrx_word' id='word_1_67' title='bbox 291 808 546 871; x_wconf 83' lang='lat' dir='ltr'>recipienda</span> <span class='ocrx_word' id='word_1_68' title='bbox 575 807 928 871; x_wconf 88' lang='lat' dir='ltr'>demendamque</span> <span class='ocrx_word' id='word_1_69' title='bbox 957 808 1251 871; x_wconf 83' lang='lat' dir='ltr'>ignominiam</span> <span class='ocrx_word' id='word_1_70' title='bbox 1275 806 1422 854; x_wconf 83' lang='lat' dir='ltr'>rediri‘</span> 
     </span>
     <span class='ocr_line' id='line_1_11' title="bbox 123 879 1414 943; baseline -0.002 -16"><span class='ocrx_word' id='word_1_71' title='bbox 123 892 326 942; x_wconf 87' lang='lat' dir='ltr'>coeptum</span> <span class='ocrx_word' id='word_1_72' title='bbox 348 881 423 927; x_wconf 88' lang='lat' dir='ltr'>est.</span> <span class='ocrx_word' id='word_1_73' title='bbox 450 880 643 927; x_wconf 88' lang='lat' dir='ltr'>Tribuni</span> <span class='ocrx_word' id='word_1_74' title='bbox 665 879 857 926; x_wconf 88' lang='lat' dir='ltr'>militum</span> <span class='ocrx_word' id='word_1_75' title='bbox 883 879 1026 926; x_wconf 84' lang='lat' dir='ltr'>tertiae</span> <span class='ocrx_word' id='word_1_76' title='bbox 1047 879 1239 943; x_wconf 83' lang='lat' dir='ltr'>legionis</span> <span class='ocrx_word' id='word_1_77' title='bbox 1268 879 1414 942; x_wconf 86' lang='lat' dir='ltr'>pabu-</span> 
     </span>
     <span class='ocr_line' id='line_1_12' title="bbox 124 951 1415 1017; baseline -0.003 -17"><span class='ocrx_word' id='word_1_78' title='bbox 124 953 220 1000; x_wconf 88' lang='lat' dir='ltr'>lum</span> <span class='ocrx_word' id='word_1_79' title='bbox 256 953 465 1017; x_wconf 86' lang='lat' dir='ltr'>lignaque</span> <span class='ocrx_word' id='word_1_80' title='bbox 484 951 708 1015; x_wconf 86' lang='lat' dir='ltr'>projicere</span> <span class='ocrx_word' id='word_1_81' title='bbox 728 951 915 1013; x_wconf 83' lang='lat' dir='ltr'>jubent:</span> <span class='ocrx_word' id='word_1_82' title='bbox 954 951 1298 999; x_wconf 86' lang='lat' dir='ltr'>centurionibus</span> <span class='ocrx_word' id='word_1_83' title='bbox 1331 951 1415 997; x_wconf 89' lang='lat' dir='ltr'>im·</span> 
     </span>
     <span class='ocr_line' id='line_1_13' title="bbox 124 1023 1415 1090; baseline -0.002 -17"><span class='ocrx_word' id='word_1_84' title='bbox 124 1039 310 1090; x_wconf 82' lang='lat' dir='ltr'>perant,</span> <span class='ocrx_word' id='word_1_85' title='bbox 343 1039 392 1072; x_wconf 89' lang='lat' dir='ltr'>ut</span> <span class='ocrx_word' id='word_1_86' title='bbox 421 1026 654 1090; x_wconf 87' lang='lat' dir='ltr'>graviores</span> <span class='ocrx_word' id='word_1_87' title='bbox 684 1038 810 1073; x_wconf 86' lang='lat' dir='ltr'>aetate</span> <span class='ocrx_word' id='word_1_88' title='bbox 840 1026 1005 1073; x_wconf 84' lang='lat' dir='ltr'>milites</span> <span class='ocrx_word' id='word_1_89' title='bbox 1033 1025 1165 1072; x_wconf 88' lang='lat' dir='ltr'>binos</span> <span class='ocrx_word' id='word_1_90' title='bbox 1194 1024 1240 1071; x_wconf 92' lang='lat' dir='ltr'>in</span> <span class='ocrx_word' id='word_1_91' title='bbox 1270 1041 1320 1072; x_wconf 86' lang='lat' dir='ltr'>ea</span> <span class='ocrx_word' id='word_1_92' title='bbox 1341 1023 1415 1086; x_wconf 83' lang='lat' dir='ltr'>ju-</span> 
     </span>
     <span class='ocr_line' id='line_1_14' title="bbox 124 1099 1416 1163; baseline -0.002 -16"><span class='ocrx_word' id='word_1_93' title='bbox 124 1113 301 1158; x_wconf 87' lang='lat' dir='ltr'>menta,</span> <span class='ocrx_word' id='word_1_94' title='bbox 334 1118 391 1147; x_wconf 85' lang='lat' dir='ltr'>ex</span> <span class='ocrx_word' id='word_1_95' title='bbox 421 1101 584 1163; x_wconf 85' lang='lat' dir='ltr'>quibus</span> <span class='ocrx_word' id='word_1_96' title='bbox 604 1117 741 1147; x_wconf 85' lang='lat' dir='ltr'>onera</span> <span class='ocrx_word' id='word_1_97' title='bbox 768 1100 934 1161; x_wconf 62' lang='lat' dir='ltr'>dejecta</span> <span class='ocrx_word' id='word_1_98' title='bbox 959 1112 1117 1158; x_wconf 86' lang='lat' dir='ltr'>erant,</span> <span class='ocrx_word' id='word_1_99' title='bbox 1145 1099 1416 1161; x_wconf 81' lang='lat' dir='ltr'>imponant:</span> 
     </span>
     <span class='ocr_line' id='line_1_15' title="bbox 124 1172 1416 1235; baseline -0.001 -16"><span class='ocrx_word' id='word_1_100' title='bbox 124 1173 295 1235; x_wconf 87' lang='lat' dir='ltr'>equites</span> <span class='ocrx_word' id='word_1_101' title='bbox 330 1185 381 1219; x_wconf 91' lang='lat' dir='ltr'>ut</span> <span class='ocrx_word' id='word_1_102' title='bbox 415 1172 612 1235; x_wconf 76' lang='lat' dir='ltr'>singulos</span> <span class='ocrx_word' id='word_1_103' title='bbox 643 1189 667 1218; x_wconf 91' lang='lat' dir='ltr'>e</span> <span class='ocrx_word' id='word_1_104' title='bbox 697 1172 942 1234; x_wconf 83' lang='lat' dir='ltr'>juvenibus</span> <span class='ocrx_word' id='word_1_105' title='bbox 977 1172 1148 1235; x_wconf 86' lang='lat' dir='ltr'>pedites</span> <span class='ocrx_word' id='word_1_106' title='bbox 1185 1172 1334 1220; x_wconf 85' lang='lat' dir='ltr'>secum</span> <span class='ocrx_word' id='word_1_107' title='bbox 1366 1173 1416 1218; x_wconf 89' lang='lat' dir='ltr'>in</span> 
     </span>
     <span class='ocr_line' id='line_1_16' title="bbox 124 1245 1416 1309; baseline 0 -18"><span class='ocrx_word' id='word_1_108' title='bbox 124 1261 267 1308; x_wconf 84' lang='lat' dir='ltr'>equos</span> <span class='ocrx_word' id='word_1_109' title='bbox 289 1245 464 1292; x_wconf 84' lang='lat' dir='ltr'>tollant.</span> <span class='ocrx_word' id='word_1_110' title='bbox 503 1249 723 1309; x_wconf 70' lang='lat' dir='ltr'>Egregiam</span> <span class='ocrx_word' id='word_1_111' title='bbox 743 1251 921 1308; x_wconf 78' lang='lat' dir='ltr'>gloriam</span> <span class='ocrx_word' id='word_1_112' title='bbox 942 1249 1118 1308; x_wconf 73' lang='lat' dir='ltr'>legionis</span> <span class='ocrx_word' id='word_1_113' title='bbox 1137 1246 1232 1305; x_wconf 83' lang='lat' dir='ltr'>fore</span> <span class='ocrx_word' id='word_1_114' title='bbox 1245 1281 1259 1304; x_wconf 91' lang='lat'>,</span> <span class='ocrx_word' id='word_1_115' title='bbox 1271 1246 1324 1307; x_wconf 61' lang='lat' dir='ltr'>J?</span> <span class='ocrx_word' id='word_1_116' title='bbox 1340 1263 1416 1292; x_wconf 76' lang='lat' dir='ltr'>ca·-</span> 
     </span>
     <span class='ocr_line' id='line_1_17' title="bbox 110 1316 1415 1383; baseline 0.002 -21"><span class='ocrx_word' id='word_1_117' title='bbox 110 1319 202 1383; x_wconf 83' lang='lat' dir='ltr'>stra</span> <span class='ocrx_word' id='word_1_118' title='bbox 217 1353 232 1373; x_wconf 90' lang='lat'>,</span> <span class='ocrx_word' id='word_1_119' title='bbox 245 1333 352 1364; x_wconf 77' lang='lat' dir='ltr'>metu</span> <span class='ocrx_word' id='word_1_120' title='bbox 364 1319 706 1378; x_wconf 74' lang='lat' dir='ltr'>ficundanorum</span> <span class='ocrx_word' id='word_1_121' title='bbox 726 1316 878 1380; x_wconf 75' lang='lat' dir='ltr'>amiffa</span> <span class='ocrx_word' id='word_1_122' title='bbox 892 1353 904 1376; x_wconf 94' lang='lat'>,</span> <span class='ocrx_word' id='word_1_123' title='bbox 916 1320 1003 1379; x_wconf 76' lang='lat' dir='ltr'>fica</span> <span class='ocrx_word' id='word_1_124' title='bbox 1022 1320 1168 1364; x_wconf 77' lang='lat' dir='ltr'>virtute</span> <span class='ocrx_word' id='word_1_125' title='bbox 1189 1321 1415 1379; x_wconf 75' lang='lat' dir='ltr'>recipiant:</span> 
     </span>
     <span class='ocr_line' id='line_1_18' title="bbox 125 1389 1416 1455; baseline 0.001 -19"><span class='ocrx_word' id='word_1_126' title='bbox 125 1389 170 1436; x_wconf 64' lang='grc' dir='ltr'>ὅ*</span> <span class='ocrx_word' id='word_1_127' title='bbox 199 1394 322 1451; x_wconf 78' lang='lat' dir='ltr'>recipi</span> <span class='ocrx_word' id='word_1_128' title='bbox 341 1391 474 1448; x_wconf 72' lang='lat' dir='ltr'>facile</span> <span class='ocrx_word' id='word_1_129' title='bbox 505 1390 606 1452; x_wconf 73' lang='lat' dir='ltr'>effi,</span> <span class='ocrx_word' id='word_1_130' title='bbox 618 1391 669 1455; x_wconf 80' lang='lat' dir='ltr'>si</span> <span class='ocrx_word' id='word_1_131' title='bbox 688 1394 732 1436; x_wconf 89' lang='lat' dir='ltr'>in</span> <span class='ocrx_word' id='word_1_132' title='bbox 751 1394 897 1450; x_wconf 81' lang='lat' dir='ltr'>praeda</span> <span class='ocrx_word' id='word_1_133' title='bbox 918 1394 1107 1452; x_wconf 71' lang='lat' dir='ltr'>occupati</span> <span class='ocrx_word' id='word_1_134' title='bbox 1125 1393 1289 1437; x_wconf 74' lang='lat' dir='ltr'>barbari</span> <span class='ocrx_word' id='word_1_135' title='bbox 1292 1392 1416 1452; x_wconf 79' lang='lat' dir='ltr'>subi·</span> 
     </span>
     <span class='ocr_line' id='line_1_19' title="bbox 124 1463 1412 1527; baseline 0.001 -18"><span class='ocrx_word' id='word_1_136' title='bbox 124 1479 167 1509; x_wconf 87' lang='lat' dir='ltr'>to</span> <span class='ocrx_word' id='word_1_137' title='bbox 187 1467 500 1524; x_wconf 77' lang='lat' dir='ltr'>opprimantur:</span> <span class='ocrx_word' id='word_1_138' title='bbox 517 1463 621 1522; x_wconf 76' lang='lat' dir='ltr'>ficut</span> <span class='ocrx_word' id='word_1_139' title='bbox 640 1467 836 1523; x_wconf 74' lang='lat' dir='ltr'>ceperint,</span> <span class='ocrx_word' id='word_1_140' title='bbox 851 1463 961 1527; x_wconf 61' lang='lat' dir='ltr'>poſjsz</span> <span class='ocrx_word' id='word_1_141' title='bbox 983 1467 1092 1524; x_wconf 76' lang='lat' dir='ltr'>capi.</span> <span class='ocrx_word' id='word_1_142' title='bbox 1125 1464 1308 1510; x_wconf 84' lang='lat' dir='ltr'>Summa</span> <span class='ocrx_word' id='word_1_143' title='bbox 1328 1463 1412 1510; x_wconf 82' lang='lat' dir='ltr'>mi-</span> 
     </span>
     <span class='ocr_line' id='line_1_20' title="bbox 124 1534 1416 1589; baseline 0.002 -9"><span class='ocrx_word' id='word_1_144' title='bbox 124 1535 252 1589; x_wconf 78' lang='lat' dir='ltr'>litum</span> <span class='ocrx_word' id='word_1_145' title='bbox 282 1534 507 1582; x_wconf 83' lang='lat' dir='ltr'>alacritate</span> <span class='ocrx_word' id='word_1_146' title='bbox 538 1535 796 1582; x_wconf 80' lang='lat' dir='ltr'>adhortatio</span> <span class='ocrx_word' id='word_1_147' title='bbox 823 1536 971 1583; x_wconf 83' lang='lat' dir='ltr'>audita</span> <span class='ocrx_word' id='word_1_148' title='bbox 991 1536 1065 1582; x_wconf 82' lang='lat' dir='ltr'>est.</span> <span class='ocrx_word' id='word_1_149' title='bbox 1101 1539 1268 1583; x_wconf 82' lang='lat' dir='ltr'>Ferunt</span> <span class='ocrx_word' id='word_1_150' title='bbox 1293 1535 1416 1584; x_wconf 87' lang='lat' dir='ltr'>citati</span> 
     </span>
     <span class='ocr_line' id='line_1_21' title="bbox 125 1607 1417 1672; baseline 0.003 -19"><span class='ocrx_word' id='word_1_151' title='bbox 125 1608 277 1671; x_wconf 79' lang='lat' dir='ltr'>figna,</span> <span class='ocrx_word' id='word_1_152' title='bbox 305 1625 388 1654; x_wconf 85' lang='lat' dir='ltr'>nec</span> <span class='ocrx_word' id='word_1_153' title='bbox 419 1607 656 1670; x_wconf 75' lang='lat' dir='ltr'>{igniferos</span> <span class='ocrx_word' id='word_1_154' title='bbox 683 1609 840 1655; x_wconf 84' lang='lat' dir='ltr'>armati</span> <span class='ocrx_word' id='word_1_155' title='bbox 861 1623 1122 1656; x_wconf 88' lang='lat' dir='ltr'>morantur:</span> <span class='ocrx_word' id='word_1_156' title='bbox 1153 1610 1326 1672; x_wconf 81' lang='lat' dir='ltr'>priores</span> <span class='ocrx_word' id='word_1_157' title='bbox 1345 1622 1417 1657; x_wconf 88' lang='lat' dir='ltr'>ta-</span> 
     </span>
     <span class='ocr_line' id='line_1_22' title="bbox 124 1680 1417 1745; baseline 0.001 -18"><span class='ocrx_word' id='word_1_158' title='bbox 124 1698 230 1727; x_wconf 86' lang='lat' dir='ltr'>men</span> <span class='ocrx_word' id='word_1_159' title='bbox 259 1680 417 1727; x_wconf 86' lang='lat' dir='ltr'>consul</span> <span class='ocrx_word' id='word_1_160' title='bbox 446 1680 711 1745; x_wconf 77' lang='lat' dir='ltr'>copiaeque,</span> <span class='ocrx_word' id='word_1_161' title='bbox 741 1699 841 1745; x_wconf 87' lang='lat' dir='ltr'>quae</span> <span class='ocrx_word' id='word_1_162' title='bbox 870 1699 895 1728; x_wconf 89' lang='lat' dir='ltr'>a</span> <span class='ocrx_word' id='word_1_163' title='bbox 920 1683 1028 1728; x_wconf 77' lang='lat' dir='ltr'>maii</span> <span class='ocrx_word' id='word_1_164' title='bbox 1056 1684 1417 1741; x_wconf 83' lang='lat' dir='ltr'>reducebantur,</span> 
     </span>
     <span class='ocr_line' id='line_1_23' title="bbox 126 1753 1416 1818; baseline 0.002 -19"><span class='ocrx_word' id='word_1_165' title='bbox 126 1754 184 1799; x_wconf 86' lang='lat' dir='ltr'>ad</span> <span class='ocrx_word' id='word_1_166' title='bbox 214 1753 384 1799; x_wconf 84' lang='lat' dir='ltr'>vallum</span> <span class='ocrx_word' id='word_1_167' title='bbox 406 1753 692 1800; x_wconf 75' lang='lat' dir='ltr'>accesserunt.</span> <span class='ocrx_word' id='word_1_168' title='bbox 728 1756 776 1800; x_wconf 92' lang='lat' dir='ltr'>L.</span> <span class='ocrx_word' id='word_1_169' title='bbox 808 1754 968 1812; x_wconf 86' lang='lat' dir='ltr'>Atius,</span> <span class='ocrx_word' id='word_1_170' title='bbox 1001 1755 1212 1802; x_wconf 85' lang='lat' dir='ltr'>tribunus</span> <span class='ocrx_word' id='word_1_171' title='bbox 1244 1755 1416 1818; x_wconf 88' lang='lat' dir='ltr'>primus</span> 
     </span>
     <span class='ocr_line' id='line_1_24' title="bbox 125 1825 1416 1888; baseline 0 -15"><span class='ocrx_word' id='word_1_172' title='bbox 125 1826 332 1874; x_wconf 85' lang='lat' dir='ltr'>secundae</span> <span class='ocrx_word' id='word_1_173' title='bbox 364 1825 584 1888; x_wconf 85' lang='lat' dir='ltr'>legionis,</span> <span class='ocrx_word' id='word_1_174' title='bbox 613 1842 709 1871; x_wconf 90' lang='lat' dir='ltr'>non</span> <span class='ocrx_word' id='word_1_175' title='bbox 739 1827 1005 1873; x_wconf 82' lang='lat' dir='ltr'>hortabatur</span> <span class='ocrx_word' id='word_1_176' title='bbox 1036 1827 1179 1872; x_wconf 86' lang='lat' dir='ltr'>modo</span> <span class='ocrx_word' id='word_1_177' title='bbox 1218 1827 1416 1886; x_wconf 81' lang='lat' dir='ltr'>milites,</span> 
     </span>
     <span class='ocr_line' id='line_1_25' title="bbox 129 1898 1420 1965; baseline 0.003 -20"><span class='ocrx_word' id='word_1_178' title='bbox 129 1898 202 1945; x_wconf 89' lang='lat' dir='ltr'>sed</span> <span class='ocrx_word' id='word_1_179' title='bbox 236 1898 426 1944; x_wconf 86' lang='lat' dir='ltr'>docebat</span> <span class='ocrx_word' id='word_1_180' title='bbox 446 1899 579 1944; x_wconf 89' lang='lat' dir='ltr'>etiam</span> <span class='ocrx_word' id='word_1_181' title='bbox 596 1934 611 1956; x_wconf 86' lang='lat'>‚</span> <span class='ocrx_word' id='word_1_182' title='bbox 631 1903 684 1944; x_wconf 84' lang='lat' dir='ltr'>Si</span> <span class='ocrx_word' id='word_1_183' title='bbox 703 1900 872 1945; x_wconf 65' lang='lat' dir='ltr'>vic‘lores</span> <span class='ocrx_word' id='word_1_184' title='bbox 899 1901 991 1965; x_wconf 86' lang='lat' dir='ltr'>Issri</span> <span class='ocrx_word' id='word_1_185' title='bbox 1003 1935 1016 1956; x_wconf 91' lang='lat'>‚</span> <span class='ocrx_word' id='word_1_186' title='bbox 1039 1903 1184 1960; x_wconf 75' lang='lat' dir='ltr'>quihus</span> <span class='ocrx_word' id='word_1_187' title='bbox 1205 1904 1334 1947; x_wconf 86' lang='lat' dir='ltr'>armis</span> <span class='ocrx_word' id='word_1_188' title='bbox 1357 1919 1420 1949; x_wconf 47' lang='lat' dir='ltr'>cc*</span> 
     </span>
     <span class='ocr_line' id='line_1_26' title="bbox 60 1970 1419 2042; baseline 0.002 -25"><span class='ocrx_word' id='word_1_189' title='bbox 60 2006 62 2009; x_wconf 32' lang='lat' dir='ltr'>v</span> <span class='ocrx_word' id='word_1_190' title='bbox 124 1970 275 2042; x_wconf 80' lang='lat' dir='ltr'>piffenc</span> <span class='ocrx_word' id='word_1_191' title='bbox 297 1974 425 2038; x_wconf 76' lang='lat' dir='ltr'>castra</span> <span class='ocrx_word' id='word_1_192' title='bbox 437 2007 453 2028; x_wconf 89' lang='lat'>,</span> <span class='ocrx_word' id='word_1_193' title='bbox 481 1973 626 2032; x_wconf 82' lang='lat' dir='ltr'>iisdem</span> <span class='ocrx_word' id='word_1_194' title='bbox 646 1989 769 2033; x_wconf 79' lang='lat' dir='ltr'>capta</span> <span class='ocrx_word' id='word_1_195' title='bbox 793 1976 956 2018; x_wconf 80' lang='lat' dir='ltr'>retinere</span> <span class='ocrx_word' id='word_1_196' title='bbox 976 1977 1021 2018; x_wconf 87' lang='lat' dir='ltr'>in</span> <span class='ocrx_word' id='word_1_197' title='bbox 1039 1977 1182 2019; x_wconf 83' lang='lat' dir='ltr'>animo</span> <span class='ocrx_word' id='word_1_198' title='bbox 1201 1976 1419 2028; x_wconf 66' lang='lat' dir='ltr'>haberent,</span> 
     </span>
     <span class='ocr_line' id='line_1_27' title="bbox 125 2046 1419 2110; baseline 0.002 -20"><span class='ocrx_word' id='word_1_199' title='bbox 125 2049 311 2106; x_wconf 83' lang='lat' dir='ltr'>primum</span> <span class='ocrx_word' id='word_1_200' title='bbox 349 2061 518 2090; x_wconf 80' lang='lat' dir='ltr'>exutum</span> <span class='ocrx_word' id='word_1_201' title='bbox 554 2046 690 2110; x_wconf 79' lang='lat' dir='ltr'>castris</span> <span class='ocrx_word' id='word_1_202' title='bbox 723 2047 869 2110; x_wconf 71' lang='lat' dir='ltr'>lzcfiem</span> <span class='ocrx_word' id='word_1_203' title='bbox 902 2049 964 2092; x_wconf 83' lang='lat' dir='ltr'>ad</span> <span class='ocrx_word' id='word_1_204' title='bbox 997 2064 1104 2091; x_wconf 81' lang='lat' dir='ltr'>mare</span> <span class='ocrx_word' id='word_1_205' title='bbox 1136 2047 1419 2107; x_wconf 78' lang='lat' dir='ltr'>persecuturos</span> 
     </span>
     <span class='ocr_line' id='line_1_28' title="bbox 122 2115 1417 2182; baseline 0.002 -21"><span class='ocrx_word' id='word_1_206' title='bbox 122 2115 282 2178; x_wconf 65' lang='lat' dir='ltr'>stiffi,</span> <span class='ocrx_word' id='word_1_207' title='bbox 311 2120 457 2162; x_wconf 73' lang='lat' dir='ltr'>deinde</span> <span class='ocrx_word' id='word_1_208' title='bbox 470 2119 673 2182; x_wconf 70' lang='lat' dir='ltr'>stationes</span> <span class='ocrx_word' id='word_1_209' title='bbox 694 2134 790 2164; x_wconf 82' lang='lat' dir='ltr'>certe</span> <span class='ocrx_word' id='word_1_210' title='bbox 807 2137 887 2179; x_wconf 84' lang='lat' dir='ltr'>pro</span> <span class='ocrx_word' id='word_1_211' title='bbox 906 2121 1019 2164; x_wconf 78' lang='lat' dir='ltr'><em>vallo</em></span> <span class='ocrx_word' id='word_1_212' title='bbox 1043 2121 1274 2166; x_wconf 74' lang='lat' dir='ltr'>habituros.</span> <span class='ocrx_word' id='word_1_213' title='bbox 1315 2121 1417 2166; x_wconf 72' lang='lat' dir='ltr'>vino</span> 
     </span>
     <span class='ocr_line' id='line_1_29' title="bbox 121 2190 1020 2254; baseline 0.001 -18"><span class='ocrx_word' id='word_1_214' title='bbox 121 2192 351 2252; x_wconf 72' lang='lat' dir='ltr'>finnnoque</span> <span class='ocrx_word' id='word_1_215' title='bbox 380 2191 590 2254; x_wconf 75' lang='lat' dir='ltr'>verisimile</span> <span class='ocrx_word' id='word_1_216' title='bbox 618 2190 691 2253; x_wconf 63' lang='lat' dir='ltr'>effi</span> <span class='ocrx_word' id='word_1_217' title='bbox 710 2193 860 2252; x_wconf 80' lang='lat' dir='ltr'>mersbs</span> <span class='ocrx_word' id='word_1_218' title='bbox 868 2192 1020 2249; x_wconf 85' lang='lat' dir='ltr'>jacere.</span> 
     </span>
    </p>

    <p class='ocr_par' dir='ltr' id='par_1_3' title="bbox 134 2257 1420 2477">
     <span class='ocr_line' id='line_1_30' title="bbox 199 2257 1420 2328; baseline -0.001 -18"><span class='ocrx_word' id='word_1_219' title='bbox 199 2266 277 2311; x_wconf 90' lang='lat' dir='ltr'>IV.</span> <span class='ocrx_word' id='word_1_220' title='bbox 309 2265 402 2310; x_wconf 88' lang='lat' dir='ltr'>Sub</span> <span class='ocrx_word' id='word_1_221' title='bbox 431 2257 528 2311; x_wconf 83' lang='lat' dir='ltr'>haec</span> <span class='ocrx_word' id='word_1_222' title='bbox 553 2267 606 2311; x_wconf 82' lang='lat' dir='ltr'>A.</span> <span class='ocrx_word' id='word_1_223' title='bbox 632 2265 943 2312; x_wconf 75' lang='lat' dir='ltr'>Baeculonium</span> <span class='ocrx_word' id='word_1_224' title='bbox 970 2263 1226 2328; x_wconf 72' lang='lat' dir='ltr'>{igniferum</span> <span class='ocrx_word' id='word_1_225' title='bbox 1259 2262 1386 2309; x_wconf 90' lang='lat' dir='ltr'>suum</span> <span class='ocrx_word' id='word_1_226' title='bbox 1401 2277 1420 2321; x_wconf 58' lang='lat'>‚⁴</span> 
     </span>
     <span class='ocr_line' id='line_1_31' title="bbox 134 2335 1418 2401; baseline 0 -18"><span class='ocrx_word' id='word_1_227' title='bbox 134 2350 257 2384; x_wconf 81' lang='lat' dir='ltr'>notae</span> <span class='ocrx_word' id='word_1_228' title='bbox 278 2337 559 2386; x_wconf 88' lang='lat' dir='ltr'>fortitudinis</span> <span class='ocrx_word' id='word_1_229' title='bbox 580 2338 758 2398; x_wconf 88' lang='lat' dir='ltr'>virum,</span> <span class='ocrx_word' id='word_1_230' title='bbox 775 2337 940 2385; x_wconf 86' lang='lat' dir='ltr'>inferre</span> <span class='ocrx_word' id='word_1_231' title='bbox 959 2339 1128 2401; x_wconf 76' lang='lat' dir='ltr'>{ignum</span> <span class='ocrx_word' id='word_1_232' title='bbox 1149 2337 1281 2398; x_wconf 84' lang='lat' dir='ltr'>juffit.</span> <span class='ocrx_word' id='word_1_233' title='bbox 1313 2335 1418 2393; x_wconf 88' lang='lat' dir='ltr'>Ille,</span> 
     </span>
     <span class='ocr_line' id='line_1_32' title="bbox 134 2407 1419 2477; baseline -0.002 -19"><span class='ocrx_word' id='word_1_234' title='bbox 134 2411 167 2458; x_wconf 75' lang='lat' dir='ltr'>st</span> <span class='ocrx_word' id='word_1_235' title='bbox 188 2429 329 2461; x_wconf 90' lang='lat' dir='ltr'>unum</span> <span class='ocrx_word' id='word_1_236' title='bbox 358 2412 400 2461; x_wconf 89' lang='lat' dir='ltr'>se</span> <span class='ocrx_word' id='word_1_237' title='bbox 429 2411 744 2476; x_wconf 79' lang='lat' dir='ltr'>sequerentur,</span> <span class='ocrx_word' id='word_1_238' title='bbox 771 2429 865 2477; x_wconf 91' lang='lat' dir='ltr'>quo</span> <span class='ocrx_word' id='word_1_239' title='bbox 884 2412 1069 2462; x_wconf 86' lang='lat' dir='ltr'>celerius</span> <span class='ocrx_word' id='word_1_240' title='bbox 1098 2410 1250 2469; x_wconf 86' lang='lat' dir='ltr'>fieret,</span> <span class='ocrx_word' id='word_1_241' title='bbox 1278 2407 1419 2457; x_wconf 61' lang='lat' dir='ltr'>faciu-</span> 
     </span>
    </p>
   </div>
  </div>
 </body>
</html>
