1618 2715
191 69 282 132 3216
535 62 1095 110 T1T1L1V11

189 193 248 222 ex
279 189 373 237 quo
403 171 518 219 fama
548 188 625 233 per
661 181 844 234 gentes,
863 186 962 232 quae
987 163 1300 217 Macedoniam
1331 174 1473 213 acco*

188 248 318 300 lunt,
334 245 510 308 vulgata
534 243 594 289 est
613 279 627 301 ‚
648 242 838 290 crimina
868 241 1263 304 querimoniasque
1291 240 1345 285 de
1367 239 1474 284 Phi·

189 320 323 382 lippo
351 336 447 364 non
482 317 755 381 negligenter
783 317 838 363 ab
873 315 1088 362 Romanis
1116 314 1287 370 audiri,
1321 310 1476 358 multis

190 410 345 457 operae
369 393 558 454 pretium
577 390 700 437 fuiss'e
721 389 870 453 queri;
890 404 975 452 pro
996 389 1038 435 se
1056 405 1250 452 quaeque
1267 385 1476 435 civitates

193 465 432 529 gentesque
455 499 469 522 ‚
497 463 653 527 singuli
688 464 820 510 etiam
854 462 1098 526 privatim,
1130 459 1323 525 (gravis
1354 457 1477 504 enim

196 539 355 586 accola
387 535 597 584 omnibus
620 536 745 600 erat)
765 538 982 593 Romam,
1002 546 1077 580 aut
1097 535 1151 580 ad
1173 533 1291 595 spem
1317 531 1480 576 levan-

197 612 266 657 dae
297 609 474 670 injuriae
494 645 507 667 ‚
537 622 611 656 aut
640 610 696 656 ad
724 609 941 656 deflendae
971 607 1178 653 solatium
1197 639 1210 663 ‚
1241 614 1482 650 venerunt.

195 688 256 733 Et
276 685 330 731 ab
349 685 551 729 Eumene
569 699 673 745 rege
692 682 858 746 legatio
877 698 978 729 cum
999 679 1133 726 fratre
1150 677 1243 739 ejus
1259 678 1481 724 Athenaeo

197 755 330 801 venit
358 754 412 799 ad
439 754 714 817 querendum
732 788 746 809 ,
777 752 904 800 simul
931 752 1055 814 quod
1083 767 1177 796 non
1204 749 1483 795 deduceren-

197 841 274 874 tur
303 844 358 873 ex
381 825 574 872 Thracia
601 824 829 887 praefidia,
850 824 976 870 simul
1000 824 1125 886 quod
1147 822 1194 869 in
1220 820 1482 884 Bithyniam

199 899 361 947 Prusiae
393 898 561 945 bellum
593 896 803 945 adversus
832 899 1079 943 Eumenem
1111 893 1283 960 gerenti
1316 891 1482 939 auxilia

203 974 323 1020 mifl'a
353 972 518 1019 forent.

265 1051 449 1095 XLVH.
467 1045 845 1110 Respondendum
867 1044 923 1091 ad
939 1043 1093 1092 omnia
1112 1041 1272 1106 juveni
1294 1052 1389 1088 tum
1409 1040 1485 1088 ad-

203 1122 392 1168 modum
419 1119 660 1167 Demetrio
687 1130 806 1174 erat;
840 1134 943 1165 cum
966 1118 1086 1164 haud
1104 1117 1234 1163 facile
1257 1116 1386 1172 esset,
1407 1123 1485 1161 aut

205 1213 257 1243 ea
275 1230 291 1253 ,
309 1211 411 1257 quae
434 1192 741 1253 objicerentur
752 1226 767 1249 ‚
784 1204 860 1238 aut
883 1208 985 1255 quae
1001 1190 1212 1237 adversus
1232 1206 1281 1236 ea
1297 1187 1487 1235 dicenda

206 1282 333 1314 erant
348 1303 361 1323 ‚
381 1266 599 1313 memoria
619 1265 872 1328 compleffl.
909 1281 992 1310 nec
1012 1263 1131 1310 enim
1155 1262 1294 1309 multa
1314 1261 1488 1318 solum,

209 1342 283 1388 sed
310 1341 443 1386 etiam
471 1341 682 1403 pleraque
709 1338 884 1402 oppido
913 1354 1048 1401 quam
1078 1353 1216 1400 parva
1240 1347 1396 1382 erant:
1432 1334 1488 1380 de

209 1412 523 1461 controversia
551 1411 733 1470 finium,
765 1413 819 1458 de
850 1410 1112 1457 hominibus
1142 1409 1278 1472 raptis
1307 1407 1489 1471 pecori·-

210 1487 378 1549 busque
397 1485 560 1534 abaelis
577 1521 590 1545 ,
611 1487 664 1532 de
690 1485 786 1548 jure
805 1497 883 1532 aut
905 1484 1024 1530 dieto
1052 1500 1131 1547 per
1161 1482 1390 1529 libidinem
1412 1494 1490 1528 aut

213 1577 307 1606 non
331 1560 451 1606 dieto
468 1595 481 1616 ‚
507 1560 561 1606 de
585 1559 715 1606 rebus
738 1575 817 1621 per
841 1558 938 1604 vim
965 1572 1040 1604 aut
1065 1574 1144 1619 per
1167 1555 1349 1619 gratiam
1370 1554 1490 1615 judi-

211 1634 334 1680 catis.
363 1633 473 1680 nihil
505 1634 668 1679 horum
698 1648 841 1695 neque
868 1631 1152 1678 Demetrium
1177 1632 1341 1678 docere
1370 1629 1491 1676 dilu···

213 1709 338 1765 cide,
358 1725 440 1755 nec
461 1707 502 1754 se
526 1707 623 1755 satis
652 1707 825 1770 liquido
846 1706 1012 1753 discere
1039 1708 1093 1754 ab
1115 1724 1171 1754 eo
1195 1707 1366 1753 senatus
1387 1720 1491 1752 cum

215 1792 417 1828 cerneret
443 1779 565 1842 pofi'e
584 1796 598 1835 3
618 1778 746 1825 fimul
775 1779 824 1825 δε
849 1776 1068 1824 tirocinio
1083 1813 1096 1835 ‚
1116 1779 1165 1825 &
1185 1775 1492 1840 perturbatio—-

214 1870 273 1902 ne
292 1852 469 1913 juvenis
489 1864 779 1907 moveretur3
801 1851 940 1914 quaeri
968 1849 1087 1911 juffit
1113 1851 1168 1897 ab
1192 1867 1272 1907 eo,
1304 1863 1492 1913 ecquem

216 1928 271 1973 de
292 1926 360 1973 his
381 1927 510 1972 rebus
529 1923 899 1972 commentarium
919 1940 943 1968 a
960 1934 1082 1986 patre
1101 1923 1356 1985 accepisset?
1374 1924 1492 1969 Cum

217 1998 532 2062 respondisset,
553 1995 740 2062 accepist}
751 1999 802 2059 fi
816 2016 836 2054 ;
868 1997 979 2042 nihil
1003 1997 1124 2059 prius
1145 2013 1229 2043 nec
1247 1996 1399 2058 potius
1423 1994 1493 2042 via

221 2072 312 2118 sum
343 2070 433 2129 est,
454 2088 588 2134 quam
616 2070 729 2133 regis
756 2070 889 2132 ipfius
916 2070 969 2116 de
989 2069 1167 2133 singulis
1186 2068 1394 2131 responsa
1415 2084 1494 2114 ac¹⁹

221 2147 384 2209 cipere.
410 2147 596 2193 Librum
622 2144 853 2207 extemplo
874 2143 1211 2207 poposcerunt;
1234 2141 1419 2198 deinde,
1443 2152 1494 2188 ut:

219 2220 308 2283 ipse
339 2220 566 2278 recitaret,
594 2218 901 2281 permiserunt.
934 2221 1072 2263 Erant
1104 2228 1250 2263 autem
1280 2214 1333 2260 de
1362 2214 1494 2260 rebus

221 2294 402 2357 singulis
425 2294 469 2339 in
492 2295 628 2341 breve
647 2293 812 2340 ςοῦἃῑε
834 2291 974 2338 causae
993 2309 1005 2338 ε
1033 2303 1082 2336 ut
1100 2289 1181 2335 alia
1200 2286 1346 2333 feciffe
1365 2287 1407 2333 se
1427 2287 1496 2334 se-

221 2368 420 2414 cundum
440 2368 614 2416 decreta
631 2367 880 2431 legatorum
903 2367 1115 2421 doceret3
1136 2362 1219 2409 alia
1238 2378 1333 2409 non
1352 2378 1431 2425 per
1452 2361 1500 2407 se
