1618 2715
189 92 252 155 78
542 89 1112 136 T1T1L1vl1

192 199 318 263 cipio
336 196 484 254 veris,
516 213 619 243 cum
642 212 720 258 per
742 194 982 241 Phocidem
1008 195 1343 252 Chaeroneamj
1377 205 1477 257 quo

195 271 446 320 convenire
467 286 649 316 omnem
679 268 877 330 undique
897 268 1142 314 exercitum
1165 267 1339 329 jusserat
1356 303 1368 322 ,
1396 282 1480 312 ve-

195 346 349 401 niffet3
380 343 511 391 facile
537 343 887 397 animadvertit,
919 342 1062 387 nihilo
1095 341 1320 388 severiore
1347 338 1483 385 disci-

194 421 318 485 plina
338 419 526 474 milites,
542 434 672 480 quain
696 417 854 462 ducem
868 451 880 472 ,
899 414 1156 461 hibernaffe.
1173 414 1487 460 Alexandrum

197 495 302 540 inde
329 495 563 539 Acarnana
594 491 643 536 &
672 490 938 551 Menippum
960 490 1257 536 Macedonem
1287 490 1483 534 Stratum

200 566 382 615 AEtoliae
401 564 553 626 copias
574 563 735 609 ducere
766 561 895 622 juffit.
931 562 1021 624 ipse
1044 562 1235 624 Delphis
1261 559 1485 608 sacrificio

200 638 406 702 Apollini
430 637 574 695 fano,
592 637 868 698 Naupactum
890 634 1112 697 processit.
1138 634 1330 680 confilio
1360 632 1487 695 prin-

197 713 352 774 cipum
375 709 550 756 AEtoliae
573 707 754 765 habito,
774 706 872 761 via,
894 723 994 769 quae
1014 720 1174 767 praeter
1193 705 1488 768 Calydonem

202 786 253 831 &
273 782 601 848 Lysimachiam
623 781 710 827 fert
736 780 791 826 ad
814 781 1034 836 Stratum,
1056 779 1143 825 suis
1159 815 1174 836 ,
1194 779 1270 841 qui
1289 795 1366 839 per
1387 778 1490 822 Ma-

202 857 366 904 liacum
395 856 539 902 finum
565 854 836 911 veniebant,
857 852 1069 899 occurrit.
1095 852 1160 898 lbi
1184 849 1491 897 Mnefilochus

203 932 414 995 princeps
433 933 747 985 Acarnanum,
768 926 918 974 multis
945 938 1087 972 emtus
1108 924 1266 980 donis,
1287 939 1381 969 non
1401 920 1493 983 ipse

204 1003 350 1050 solum
381 1015 557 1066 gentem
591 1000 685 1064 regi
711 997 1012 1054 conciliabat,
1036 996 1108 1042 sed
1136 996 1329 1059 Clytum
1359 992 1495 1040 etiam

206 1089 472 1140 praetorem,
504 1090 638 1136 penes
664 1089 798 1135 quem
824 1083 920 1117 tum
954 1069 1122 1116 summa
1149 1067 1342 1131 potestas
1371 1077 1496 1124 erat,

205 1151 254 1198 in
280 1151 401 1196 suam
433 1148 692 1195 sententiam
719 1146 982 1192 adduxerat.
1013 1145 1051 1188 [5
1078 1158 1182 1189 cum
1213 1140 1496 1196 Leucadios,

208 1226 334 1291 quod
358 1221 621 1271 Acarnaniae
650 1232 784 1284 caput
803 1219 889 1277 est,
910 1235 1007 1264 non
1034 1216 1164 1263 facile
1194 1215 1249 1261 ad
1279 1213 1498 1261 defectio-

208 1319 312 1347 nem
333 1300 457 1363 poss'e
479 1311 682 1346 cerneret
701 1296 901 1359 impelli,
924 1307 1112 1358 propter
1133 1305 1298 1339 metum
1324 1293 1499 1338 Roma-

208 1392 279 1422 nae
306 1373 471 1429 classis,
492 1389 592 1435 quae
623 1388 726 1418 cum
751 1369 917 1426 Atilio,
948 1384 1108 1430 quaeve
1131 1364 1500 1428 circa'Cepliale-

209 1447 331 1494 niam
356 1458 475 1503 erat,
495 1457 587 1491 arte
609 1461 687 1491 eos
707 1443 769 1489 est
798 1440 1031 1505 aggressus.
1069 1456 1169 1487 nam
1188 1455 1291 1485 cum
1314 1438 1360 1484 in
1378 1454 1497 1484 con-

211 1522 321 1569 cilio
346 1520 547 1576 dixisset,
570 1519 735 1565 tuenda
757 1517 1082 1564 mediterranea
1102 1512 1364 1560 Acarnaniae
1386 1511 1501 1570 effe‚'

211 1598 262 1644 &
291 1594 527 1651 omnibus,
548 1593 626 1655 qui
659 1609 778 1638 arma
808 1590 1000 1646 ferrent,
1031 1587 1284 1634 exeundum
1317 1586 1371 1632 ad
1398 1587 1501 1630 Me-

213 1670 398 1715 dionem
431 1668 481 1714 &
512 1665 769 1729 Thyrium‚
797 1679 852 1708 ne
887 1663 941 1708 ab
966 1659 1202 1707 Antiocho
1230 1670 1306 1704 aut
1338 1656 1503 1703 AEtolis

214 1754 575 1805 occuparentur3
611 1738 761 1797 fuere,
793 1737 872 1800 qui
907 1737 1139 1791 dicerent,
1169 1732 1281 1780 nihil
1314 1730 1504 1778 attinere

215 1833 375 1864 omnes
406 1812 681 1861 tumultuose
707 1810 954 1859 concitari:
986 1809 1082 1854 satis
1116 1807 1199 1853 effe
1224 1805 1505 1868 quingento-

215 1908 314 1937 rum
336 1887 575 1935 hominum
597 1884 862 1947 praefidium.
894 1899 989 1928 eam
1014 1880 1300 1942 juventutem
1324 1877 1506 1934 nactus,

216 1963 430 2010 trecentis
453 1960 691 2018 Medione,
714 1958 917 2006 ducentis
934 1956 1102 2020 Thyrii
1125 1955 1170 2000 in
1191 1952 1399 2016 praesidio
1418 1967 1509 2013 po-

219 2037 288 2083 siti
277 2054 336 2093 5,
357 2036 405 2082 id
424 2036 606 2097 agebat,
626 2045 677 2079 ut
697 2049 782 2096 pro
805 2029 1034 2078 obsidibus
1063 2027 1200 2074 futuri
1224 2025 1434 2074 venirent
1459 2024 1508 2072 in

221 2109 487 2175 potestatem
519 2108 609 2171 regi
614 2123 647 2154 s.

286 2185 384 2230 ΧΠ
418 2183 500 2227 Per
525 2180 702 2227 eosdem
733 2177 826 2224 dies
852 2175 983 2241 legati
1004 2175 1118 2239 regis
1139 2172 1402 2220 Medionem
1423 2187 1510 2217 ve-

223 2268 402 2303 nerunt.
434 2255 596 2317 quibus
620 2252 805 2305 auditis,
828 2267 931 2297 cum
951 2251 997 2296 in
1018 2248 1267 2299 concione,
1290 2245 1509 2308 quidnam

222 2327 582 2389 respondendum
603 2325 696 2389 regi
717 2324 842 2381 esset,
870 2322 1220 2373 conliiltaretur3
1248 2319 1297 2364 δε
1316 2317 1391 2362 alii
1413 2334 1512 2363 ma-

223 2401 421 2450 nendum
449 2400 498 2450 in
528 2402 735 2450 Romana
767 2398 1003 2459 societate,
1034 2396 1109 2445 alii
1140 2410 1237 2442 non
1269 2391 1519 2457 aspernanf
