1618 2715
278 110 825 161 HISTORIARUM
866 110 991 158 LIB.
1029 111 1253 162 XXXVI.
1354 130 1416 180 99

132 218 216 269 est:
241 222 288 268 &
302 220 504 275 tandem,
524 217 647 281 cnjus
667 216 948 265 conditionis
966 216 1121 273 effent,
1139 217 1322 266 sensere.
1343 221 1418 278 &‚

121 300 174 359 si:
209 299 393 358 quidem,
430 293 665 350 Phaeneas‚
701 291 743 339 6⁴
771 295 843 353 qui
870 292 1009 352 adsint
1027 295 1291 350 AEcolorum,
1310 296 1420 354 scire

124 370 331 430 facienda
363 367 467 430 effe,
500 385 585 428 quae
617 370 885 427 imperentur,
918 365 1066 411 dixit:
1085 367 1169 427 sed
1197 370 1258 412 ad
1283 370 1420 414 decer-

132 444 272 487 nenda
301 459 346 486 ea
379 442 550 485 concilio
575 442 816 484 AEtc-*lorum
845 455 947 498 opus
984 434 1067 500 effi.
1097 439 1157 483 ad
1193 441 1242 483 id
1260 456 1419 498 petere,

132 531 180 561 ut
208 517 334 559 decem
367 515 521 557 dicrum
549 514 742 557 inducias
773 513 900 555 daret.
930 510 1113 554 Petente
1139 509 1301 557 Flacco
1333 527 1423 574 pro

133 585 325 639 AEtolis‚
357 584 548 630 induciae
581 584 724 637 datae3
762 582 811 628 &
849 583 1077 645 Hypatam
1114 582 1308 629 reditum
1343 585 1421 632 est.

134 659 227 706 Ubi
255 675 357 704 cum
392 657 437 703 in
465 655 656 702 confilio
695 655 1000 710 delectorum,
1025 670 1139 716 quos
1167 655 1422 717 Apocletos

137 742 337 788 vocant,
367 731 600 786 Phaeneas,
631 730 680 775 &
710 744 810 791 quae
846 727 1200 790 imperarentur,
1238 730 1286 776 &
1318 747 1423 793 quae

135 805 236 868 ipsis
272 819 416 867 prope
454 801 736 856 accidissent,
767 799 1065 862 exposuissem
1106 800 1424 865 ingemuerunt

136 877 317 943 quidem
347 877 570 939 principes
590 873 846 921 conditioni
868 873 980 932 suae,
1003 876 1249 938 parendum
1269 888 1423 925 tamen

138 949 303 996 victori
335 947 593 1001 censebant,
619 947 668 993 &
697 962 754 991 ex
784 946 997 992 omnibus
1024 947 1204 1010 oppidis
1233 964 1425 996 convo-

137 1023 307 1070 candos
333 1018 509 1066 AEtolos
538 1017 592 1064 ad
618 1017 879 1064 concilium.

203 1095 378 1141 XXIX.
410 1091 646 1154 Postquam
681 1107 795 1137 vero
823 1090 973 1137 omnis
999 1093 1152 1139 coacta
1175 1094 1425 1142 multitudo

139 1167 290 1215 eadem
310 1165 383 1211 illa
404 1164 604 1221 audivit,
623 1164 736 1210 adeo
760 1162 928 1209 saevitia
950 1163 1125 1226 imperii
1147 1180 1283 1230 atque
1304 1169 1426 1215 indi-

139 1240 308 1306 gnitate
327 1236 566 1301 exasperati
587 1235 727 1283 animi
744 1236 865 1294 sunt,
885 1249 957 1294 ut,
979 1238 1008 1282 fi
1031 1239 1076 1283 in
1095 1255 1202 1300 pace
1220 1238 1427 1300 fuiss'ent,

138 1313 221 1360 illo
246 1313 412 1373 impetu
438 1310 515 1355 irae
542 1308 762 1356 concitari
793 1309 1025 1371 potuerint
1055 1311 1109 1356 ad
1140 1311 1320 1360 bellum.
1353 1316 1424 1362 Ad

139 1385 251 1433 iram
278 1383 515 1430 accedebat
547 1383 594 1428 ὃ(
626 1380 861 1427 difficultas
889 1397 1077 1438 eorum,
1101 1398 1199 1444 qnae
1231 1380 1429 1446 impera-

140 1470 325 1504 rentur:
359 1473 538 1516 quonam
572 1459 695 1501 modo
729 1458 836 1499 enim
870 1459 1007 1515 utique
1039 1475 1164 1518 regem
1196 1463 1431 1519 Amynan-

144 1533 265 1576 drum
289 1531 339 1589 se
368 1531 523 1573 tradere
548 1527 696 1591 poffe?
728 1529 781 1573 Et
815 1526 908 1589 spes
945 1526 1063 1573 forte
1095 1529 1269 1586 oblata,
1304 1534 1432 1594 quod

144 1602 400 1659 Nicander,
425 1617 480 1647 eo
513 1599 609 1663 ipso
637 1612 840 1662 tempore
872 1600 928 1646 ab
953 1616 1054 1663 rege
1080 1602 1310 1649 Antiocho
1346 1619 1434 1652 ve-'

144 1676 272 1722 niens
290 1711 304 1731 ‚
328 1673 536 1736 implevit
559 1673 888 1735 exspectatione
914 1690 1031 1719 vana
1062 1674 1396 1724 multitudinem
1414 1715 1430 1739 ,

144 1761 263 1795 terra
289 1746 490 1810 marique
521 1746 677 1809 ingens
705 1745 850 1808 parari
877 1745 1058 1792 bellum.
1086 1747 1123 1792 Is
1153 1747 1432 1798 duodecimo

146 1822 246 1877 die,
266 1836 397 1883 quam
428 1818 747 1866 conscenderat
778 1834 941 1864 navem
958 1854 970 1874 ,
995 1818 1040 1864 in
1066 1819 1277 1867 AEtoliam
1293 1858 1306 1879 ‚
1327 1826 1436 1884 per-k

145 1893 259 1940 fecta
297 1891 549 1956 legatione,
586 1891 762 1937 rediens
797 1889 981 1935 Phalara
1017 1890 1061 1936 in
1100 1890 1197 1937 sinu
1236 1895 1435 1944 Maliaco

148 1967 306 2014 tenuit.
327 1966 429 2012 inde
451 1964 645 2011 Lamiam
668 1965 905 2028 pecuniam
927 1980 1030 2012 cum
1053 1965 1322 2029 devexisset,
1340 1971 1436 2033 ipse

150 2060 253 2090 cum
296 2038 516 2102 expeditis
558 2040 743 2102 vespera
787 2038 929 2101 prima
974 2040 1091 2085 inter
1130 2043 1433 2092 Macedonum

150 2115 449 2176 Romanaque
479 2112 616 2160 castra
637 2112 788 2158 medio
811 2128 920 2175 agro
937 2147 949 2169 ‚
972 2112 1075 2158 dum
1098 2114 1323 2177 Hypatam
1344 2133 1434 2162 ηοω,

151 2189 209 2237 tis
233 2188 418 2236 callibus
439 2187 549 2250 petit
564 2223 577 2243 ‚
599 2187 643 2232 in
662 2186 896 2234 stationem
920 2186 1079 2234 incidit
1101 2189 1400 2236 Macedonum
1418 2225 1434 2249 ,

152 2260 452 2324 deductusque
487 2259 541 2305 ad
572 2275 720 2323 regem
748 2259 836 2317 est,
869 2260 1071 2307 nondum
1106 2261 1330 2308 convivio
1362 2263 1434 2309 ἀί·-

154 2333 298 2380 miffo.
323 2332 466 2394 Quod
485 2331 561 2378 ubi
582 2332 838 2378 nuntiatum
861 2333 943 2389 est,
963 2331 1087 2379 velut
1105 2330 1319 2394 hospitis,
1339 2351 1436 2381 non

152 2403 318 2464 hostis,
345 2405 545 2453 adventu
571 2415 720 2451 motus
747 2404 1008 2468 Philippus,
1035 2405 1301 2452 accumbere
1330 2423 1431 2454 eum

1074 2479 1117 2523 (ὲ
1156 2492 1180 2522 2,
