1618 2715
191 107 283 154 432
563 84 1122 135 TITILIVII

191 200 343 255 ribus,
387 196 619 260 paludatus
655 194 880 257 profefflis
922 195 977 241 ab
1009 195 1120 240 urbe
1153 191 1291 249 effet3
1323 191 1476 239 furens

192 273 257 318 ira
275 308 288 329 ,
316 283 529 319 vocatum
551 305 564 327 ,
596 269 674 332 qui
705 286 790 331 pro
820 267 1043 331 quaestore
1069 267 1226 314 Manlii
1253 279 1375 324 erat,
1406 283 1478 313 ca·

191 345 316 394 terias
346 343 580 407 poposcit,
603 342 781 390 vinctos
804 341 846 388 se
864 341 1043 389 Junium
1066 342 1377 404 Manliumque
1399 339 1477 386 mi-

193 419 336 466 nitans
369 419 562 462 Romam
592 414 839 461 missurum.
881 415 949 460 Ab
978 431 1034 460 eo
1064 430 1247 476 quoque
1283 413 1478 476 spretum

194 489 390 538 consulis
420 487 660 550 imperium
695 487 780 533 est:
823 487 873 533 &
907 484 1196 533 circumfusus
1229 486 1481 539 exercitus,

195 563 355 610 favens
392 563 718 623 imperatorum
755 557 926 615 causae,
966 561 1016 605 δε
1054 556 1228 604 consuli
1266 556 1479 615 infestus,

195 636 373 683 animos
405 634 460 679 ad
492 649 587 678 non
617 631 859 693 parendum
887 630 1089 677 addebat.
1121 628 1351 675 Postremo
1383 628 1482 675 fati-

198 722 326 773 gatus
349 705 510 754 consul
540 707 589 751 &
613 704 903 751 contumeliis
924 703 1197 765 singulorum
1214 737 1226 759 ,
1254 703 1303 748 &
1333 701 1483 746 multi·

197 781 368 828 tudinis
406 774 538 844 (nam
576 779 755 840 insuper
790 776 1067 840 irridebant)
1106 775 1337 832 ludibriis,
1368 791 1486 822 nave

199 856 381 909 eadem,
412 869 499 915 qua
521 863 732 906 venerat,
754 849 1011 913 Aquileiam
1046 848 1192 896 rediit.
1224 848 1328 894 Inde
1348 847 1486 894 colle-

201 946 269 991 gae
307 926 510 988 scripsit,
543 940 594 970 ut
631 941 707 969 mi
696 923 822 969 itum
862 939 1096 970 novorum
1131 921 1171 968 ei
1209 920 1352 984 parti,
1387 935 1486 982 quae

200 992 396 1062 scripta
385 1016 432 1044 m
453 997 618 1044 istriam
643 994 927 1058 provinciam
948 995 1082 1049 effet‚
1105 993 1323 1048 ediceret,
1347 990 1488 1053 Aqui-

202 1071 336 1117 levam
364 1084 415 1116 ut
444 1087 567 1117 conv
574 1068 747 1122 eniret3
784 1083 839 1112 ne
871 1064 980 1129 quid
1017 1063 1058 1111 se
1091 1064 1250 1111 Romae
1283 1074 1489 1119 teneret,

203 1158 299 1204 quo
329 1141 507 1197 minus,
537 1140 659 1186 votis
694 1137 995 1200 nuncupatis,
1025 1137 1261 1199 paludatus
1293 1136 1348 1182 ab
1378 1135 1490 1181 urbe

205 1215 359 1262 exiret.
392 1215 501 1259 Haec
530 1212 718 1275 collegae
751 1211 1048 1274 obsequenter
1079 1209 1217 1267 fact&
1255 1210 1348 1256 bre
1336 1208 1490 1270 Vilque

207 1289 302 1334 dies
334 1288 386 1333 ad
416 1285 788 1333 conveniendum
821 1284 962 1330 edicta
992 1283 1065 1329 est.
1105 1246 1321 1329 Claudius
1347 1294 1490 1342 prope

209 1359 478 1406 consecutus
507 1358 568 1403 est
592 1357 740 1402 literas
760 1354 870 1402 suas.
899 1355 1143 1401 Concione
1171 1353 1416 1400 adveniens
1438 1351 1492 1396 de

208 1433 387 1479 Manlio
408 1434 458 1480 &
482 1430 615 1478 Junio
647 1428 821 1486 habita,
850 1444 945 1475 non
981 1429 1095 1474 ultra
1124 1427 1321 1473 triduum
1343 1440 1494 1470 mora-

207 1519 279 1552 tus
303 1507 465 1551 Romae
482 1540 495 1562 ‚
527 1503 784 1566 paludatus,
811 1519 913 1548 cum
936 1500 1196 1557 lictoribus,
1218 1497 1428 1559 votisque
1448 1495 1495 1542 in

211 1576 449 1638 Capitolio
487 1574 792 1636 nuncupatis,
831 1575 878 1620 in
914 1572 1236 1635 provinciam,
1278 1585 1404 1632 aeque
1443 1582 1496 1614 ac

210 1650 366 1711 prius,
392 1647 611 1710 praecipiti
645 1646 871 1692 celeritate
901 1645 1007 1691 abit.

278 1723 357 1768 XI.
392 1720 546 1767 Paucis
579 1730 681 1764 ante
716 1718 873 1763 diebus
905 1716 1061 1764 Junius
1095 1714 1380 1775 Manliusque
1409 1728 1497 1775 op-

214 1793 373 1858 pidum
392 1790 640 1838 Nelattium
656 1825 670 1848 ‚
701 1806 794 1852 quo
816 1790 857 1834 1e
886 1789 1108 1851 principes
1130 1787 1341 1833 istrorum
1361 1786 1410 1831 &
1431 1800 1501 1830 re-

215 1866 345 1931 galus
370 1864 461 1927 ipse
488 1864 655 1926 AEpulo
687 1875 944 1925 receperat,
978 1862 1146 1907 summa
1177 1860 1226 1906 vi
1259 1874 1500 1938 oppugna-

216 1950 339 1984 lunt.
371 1940 439 1983 Eo
467 1935 687 1982 Claudius
715 1936 883 1980 duabus
913 1933 1167 1996 legionibus
1196 1931 1330 1977 novis
1363 1930 1502 1975 addu-

219 2012 299 2058 eris
314 2047 328 2068 ,
348 2024 503 2057 vetere
526 2009 725 2055 exercitu
745 2026 846 2055 cum
870 2007 953 2053 suis
974 2007 1162 2053 ducibus
1188 2004 1391 2059 dimisso‚
1412 2000 1504 2064 ipse

219 2085 441 2148 oppidum
469 2083 779 2139 circumsedit,
813 2084 862 2130 &
890 2081 1038 2127 vineis
1064 2090 1326 2143 oppugnare
1357 2079 1505 2124 inten-

220 2158 312 2204 dit:
339 2172 607 2218 amnemque
626 2153 1005 2218 praeterfluentem
1026 2151 1197 2197 moenia
1213 2187 1227 2209 ,
1248 2150 1326 2213 qui
1349 2152 1398 2196 δε
1416 2149 1503 2193 im·-

220 2230 483 2293 pedimento
498 2226 867 2291 oppugnantibus
885 2237 1004 2281 erat,
1018 2226 1067 2270 &
1087 2219 1373 2286 aquationem
1388 2219 1506 2265 [stris

223 2303 476 2366 praebebat‚
512 2301 759 2347 multorum
792 2299 963 2345 dierum
997 2313 1136 2359 opere
1157 2307 1430 2355 exceptum
1420 2308 1507 2337 no-

226 2394 291 2427 vo
315 2379 451 2425 alveo
473 2375 646 2428 avertit.
681 2375 743 2421 Ea
769 2389 836 2421 res
857 2371 1068 2420 barbaros
1096 2368 1315 2420 miraculo
1345 2364 1505 2415 terruit
