1618 2715
267 134 810 186 HISTORIARUM
841 134 963 182 LIB.
998 130 1259 180 XXXVIII.
1328 142 1419 194 233

138 249 190 296 ὅ(
209 247 360 295 Morzi
381 246 617 294 auxiliares
642 245 688 293 in
711 245 829 292 laevo
852 255 1052 307 quatuor
1072 241 1211 288 ferme
1229 240 1420 287 millium

140 340 376 371 numerum
420 321 674 384 explebant.
726 316 926 372 Consul,
963 316 1075 362 ficut
1117 316 1165 361 in
1210 315 1425 375 Olympo

140 413 297 445 monte
312 433 327 455 ‚
346 395 487 459 prima
503 396 551 441 in
571 394 666 442 acie
687 393 835 440 locata
855 391 946 439 levi
963 402 1208 446 armatura,
1229 388 1425 434 telorum

140 468 291 516 omnis
310 467 480 531 generis
504 479 554 512 ut
573 482 700 529 aeque
731 480 891 527 magna
911 463 982 510 vis
1009 463 1064 509 ad
1083 478 1264 507 manum
1286 460 1389 507 effet
1408 495 1425 517 ,

142 541 332 590 curavit.
354 540 443 588 Ubi
464 538 912 602 appropinquarunt,
936 535 1089 583 omnia
1111 536 1264 581 eadem
1282 533 1428 581 utrin-

141 632 254 678 que,
282 631 382 677 quae
409 613 584 659 fuerant
610 613 657 659 in
685 612 837 675 priore
867 610 1066 674 proelio,
1087 621 1243 667 erant,
1264 620 1427 671 praeter

139 685 339 743 animos,
361 688 409 732 &
430 684 678 730 vicloribus
696 684 751 729 ab
778 698 826 729 re
848 682 1036 730 secunda
1063 682 1242 738 auftos,
1263 683 1312 727 &
1336 681 1428 725 ho-

142 759 278 807 stibus
310 757 472 804 fraElOS
491 754 661 819 iquia,
692 755 769 801 etfi
802 772 898 801 non
924 755 1004 818 ipfi
1029 753 1136 801 victi
1159 764 1310 809 erant,
1340 751 1428 797 suae

143 831 288 895 gentis
305 830 541 876 hominum
568 828 740 875 cladem
765 844 850 890 pro
871 827 945 873 sua
969 826 1206 873 ducebant.
1230 825 1379 886 itaque
1402 841 1430 869 a

143 903 324 966 paribus
358 901 496 948 initiis
531 911 681 962 coepta
719 916 786 945 res
826 899 1018 945 eundem
1053 898 1223 943 exitum
1259 895 1428 942 habuit.

143 977 283 1022 Velut
310 976 451 1022 nubes
470 973 638 1021 levium
667 972 863 1019 telorum
893 972 1095 1031 conje&a
1115 969 1268 1017 obruit
1287 970 1431 1015 aciem

144 1052 396 1100 Gallorum.
428 1066 511 1096 nec
538 1060 614 1095 aut
634 1062 899 1110 procurrere
922 1045 1156 1108 quisquam
1178 1044 1230 1090 ab
1251 1043 1430 1090 ordini-

143 1124 228 1172 bus
252 1123 363 1177 suis,
388 1138 443 1167 ne
464 1121 684 1167 nudarent
706 1117 906 1180 undique
931 1131 1096 1178 corpus
1116 1114 1170 1161 ad
1194 1114 1330 1169 ierus,
1350 1130 1431 1159 au·-

143 1195 334 1242 debant:
353 1195 403 1240 &
426 1193 610 1249 stantes,
631 1208 724 1254 quo
745 1189 970 1236 denfiores
993 1198 1148 1243 erant,
1166 1185 1256 1233 hoc
1276 1186 1432 1247 plura,

143 1267 271 1314 velut
303 1267 568 1312 destinatum
597 1264 880 1327 petentibus,
908 1260 1099 1308 vulnera
1132 1258 1431 1321 accipiebant.

144 1339 345 1395 Consul,
361 1339 445 1399 jam
467 1355 546 1400 per
564 1336 606 1384 se
625 1335 812 1383 turbatis
838 1334 869 1380 fi
887 1332 1118 1396 legionum
1138 1332 1257 1394 figna
1276 1330 1431 1376 osten-

142 1412 296 1469 disset,
330 1410 539 1458 versuros
571 1409 802 1471 extemplo
835 1408 883 1453 in
912 1406 1059 1468 fugam
1088 1419 1252 1451 ¹omnes
1281 1415 1432 1458 ratus,

143 1483 335 1550 receptis
365 1482 482 1529 inter
503 1482 685 1529 ordines
717 1480 932 1528 velitibus
961 1479 1010 1526 &
1032 1476 1114 1523 alia
1143 1475 1272 1522 turba
1298 1473 1431 1520 auxi-

145 1556 338 1614 liorum,
361 1555 501 1602 aciem
528 1552 781 1618 promovit.

211 1628 351 1673 XXV
355 1629 405 1673 ΙΙ.
437 1626 582 1682 Galli,
603 1627 653 1673 &
680 1621 900 1671 memoria
917 1619 1316 1681 Tolistobojorum
1338 1615 1433 1663 cla·-

143 1703 213 1750 dis
242 1700 413 1759 territi,
435 1703 484 1748 &
512 1699 776 1747 inhae1entia
797 1695 1064 1760 corporibus
1084 1704 1285 1770 gerentes
1315 1690 1430 1748 tela,

145 1774 330 1836 ίθίῖἰφιε
359 1775 411 1820 ὅτ.
441 1772 595 1818 stando
629 1772 678 1818 6<
710 1768 1005 1824 vulneribus,
1031 1781 1089 1811 ne
1112 1763 1303 1826 primum
1327 1761 1434 1825 qui·-

85 1885 87 1887 ,
145 1847 198 1892 dc
181 1864 247 1892 m
279 1846 498 1908 impetum
529 1846 577 1891 &
606 1844 847 1890 clamorem
879 1842 1193 1887 Romanorum
1214 1835 1438 1913 tulerunt„

144 1922 262 1980 Fuga
279 1918 334 1964 ad
353 1916 488 1963 castra
507 1915 626 1962 incli
618 1932 705 1961 {wax
712 1914 759 1961 it.
795 1913 866 1958 sed
892 1910 1020 1973 pauci
1043 1909 1159 1955 intra
1177 1905 1302 1953 muni
1309 1921 1434 1952 men-

146 2004 190 2037 ta
220 1989 307 2036 sese
327 2005 560 2051 recepere:
581 2004 681 2051 pars
709 1985 879 2047 major,
901 1985 1055 2030 dextra
1083 1982 1287 2043 laevaque
1315 1995 1432 2040 prae-

145 2063 250 2121 lati,
274 2079 361 2125 qua
391 2078 612 2124 quemque
639 2061 829 2123 impetus
855 2059 985 2117 tulit,
1017 2057 1241 2121 fugerunt.
1283 2054 1435 2100 vieto-

146 2153 240 2193 res,
263 2134 399 2198 usque
419 2135 474 2181 ad
496 2134 633 2181 castra
655 2132 816 2191 secuti,
836 2131 1092 2196 ceciderunt
1109 2143 1252 2193 terga:
1269 2125 1431 2173 deinde

147 2209 195 2256 in
227 2207 375 2255 castris
409 2225 513 2270 cupi
500 2207 579 2254 ‘rdit
583 2221 651 2254 ate
683 2207 844 2270 praedae
872 2205 1118 2261 haeser111†‚
1151 2219 1234 2249 nec
1267 2182 1430 2263 seque·-

145 2282 277 2328 batur
298 2279 545 2344 quisquam.
565 2282 613 2325 ln
635 2279 847 2327 cornibus
864 2277 981 2324 Galli
1004 2276 1170 2323 diutius
1188 2274 1432 2330 steterunt,

147 2351 254 2414 quia
279 2351 414 2398 setius
443 2352 498 2398 ad
525 2367 604 2399 eos
632 2363 900 2414 perventum
928 2348 1004 2395 est.
1028 2359 1227 2395 ceterum
1251 2362 1306 2391 ne
1334 2344 1431 2407 pri-

148 2444 270 2475 mum
289 2427 467 2492 quidem
489 2426 742 2490 conjeflum
772 2425 965 2473 telorum
981 2423 1194 2474 tulerunt.
1239 2417 1439 2480 Consul}‚
