1618 2715
216 115 309 163 394
596 101 1155 152 T1T1L1V11

213 222 328 272 quot
350 209 541 274 amplius
566 210 734 258 duabus
756 211 1008 274 legionibus
1024 249 1038 270 ,
1057 230 1191 277 quam
1214 212 1364 260 decem
1389 213 1496 261 mil-⁴

209 284 293 342 lia,
313 287 361 333 ὃ(
380 285 695 349 quadringenti
714 287 907 348 pedites,
925 285 1121 334 sexcenti
1147 288 1317 350 equites
1334 287 1498 344 essent3

213 359 262 405 δέ
281 358 452 406 socium
474 359 620 406 Latini
638 359 836 407 nominis
854 360 1094 407 duodecim
1109 360 1247 408 millia
1262 398 1274 416 ,
1295 360 1497 407 sexcenti

212 432 414 492 equites,
433 448 632 494 quorum
658 431 767 478 forti
791 449 928 495 opera
951 432 1131 479 duobus
1151 433 1360 481 adversus
1383 433 1496 479 Cel-

211 504 384 551 tiberos
409 505 584 566 proeliis
609 504 710 551 usus
730 507 790 566 Q.
811 505 995 552 Fulvius
1020 504 1152 564 effet,
1173 522 1279 564 eos,
1305 506 1336 552 fi
1363 506 1494 554 vide·-

211 587 361 633 retur,
382 576 530 625 secum
552 577 822 640 deportaret.
843 580 900 624 Et
919 577 1266 641 supplicationes
1285 580 1495 638 decretae,

211 649 341 709 quod
368 648 404 695 is
432 649 648 712 prospere
678 651 1005 713 rempublicam*
1029 652 1210 714 geffiffet
1234 670 1247 697 ε
1279 653 1328 699 &
1355 654 1493 700 ceteri

210 736 429 783 praetores
448 724 495 770 in
515 723 776 786 provincias
795 723 922 772 misfi.
946 725 1006 784 Q
1026 725 1162 771 Fabio
1183 725 1377 772 Buteoni
1397 742 1501 788 pro*

212 808 420 858 rogatum
456 795 504 842 in
534 796 681 842 Gallia
714 796 956 858 imperium
993 796 1070 843 est.
1105 798 1226 844 Ouo
1261 797 1494 860 legiones,

211 880 371 929 praeter
396 869 644 916 exercitum
665 883 862 918 veterem
878 906 893 928 ,
921 870 999 932 qui
1028 869 1073 915 in
1093 870 1328 933 Liguribus
1352 871 1396 916 in
1420 869 1496 933 spe

210 943 471 1007 propinqua
494 942 710 991 miffionis
736 932 858 1003 erat‘,
885 959 940 989 eo
968 959 1090 990 anno
1117 943 1202 989 effe
1229 943 1410 1005 placuit.
1442 944 1495 991 δε

212 1015 251 1060 is
275 1015 367 1078 ipse
390 1016 613 1063 exercitus
638 1033 753 1080 aegre
783 1016 1047 1078 explebatur
1067 1028 1254 1078 propter
1280 1014 1494 1078 pestilen-

211 1089 343 1147 tiam,
362 1107 463 1153 quae
483 1088 570 1151 jam
589 1089 769 1137 tertium
791 1107 958 1137 annum
982 1089 1139 1138 urbem
1159 1091 1407 1137 Romanam
1429 1101 1496 1136 at·

210 1178 300 1224 que
330 1163 420 1208 Itali
413 1180 498 1209 am
525 1164 738 1210 vastabat,

275 1239 513 1283 XXXVII.
540 1239 710 1284 Praetor
729 1237 803 1284 Ti.
826 1236 1080 1293 Minucius,
1099 1238 1147 1284 &
1167 1235 1314 1282 haud
1303 1247 1361 1282 ita
1378 1234 1494 1282 mul-

210 1320 262 1355 to
282 1309 382 1373 post
405 1310 562 1357 consul
581 1312 635 1358 C.
654 1311 871 1374 Calpurni
876 1328 925 1357 us
946 1310 1159 1366 moritur,
1178 1310 1397 1372 multique
1416 1309 1496 1355 alii

211 1383 418 1430 omnium
439 1383 651 1430 ordinum
680 1384 868 1430 illustres
890 1384 979 1430 viri
1003 1401 1014 1430 :
1043 1383 1273 1446 postremo
1295 1381 1493 1446 prodigii

211 1455 321 1502 loco
352 1472 403 1502 ea
435 1457 580 1504 clades
601 1456 755 1503 haberi
783 1468 933 1519 coepta
953 1456 1030 1503 est.
1059 1458 1108 1503 C.
1128 1455 1342 1502 Servilius
1369 1471 1493 1518 pon-

210 1528 319 1575 tifex
340 1529 560 1576 maximus
580 1531 753 1592 piacula
773 1530 850 1576 irae
874 1530 1028 1577 Deum
1049 1528 1316 1593 conquirere
1333 1527 1494 1590 jussus,

213 1599 458 1645 decemviri
482 1600 621 1646 libros
642 1599 886 1661 inspicere,
911 1600 1069 1647 consul
1092 1599 1320 1661 Apollini,
1337 1598 1494 1646 AEscu-

213 1671 336 1733 lapio
353 1707 367 1730 ,
389 1672 525 1719 Saluti
548 1673 667 1720 dona
696 1689 871 1720 vovere
888 1709 902 1730 ,
922 1675 970 1720 δε
995 1673 1098 1719 dare
1120 1673 1238 1735 signa
1265 1672 1462 1719 inaurata
1481 1687 1498 1726 ;

212 1763 317 1808 quae
335 1747 474 1807 vovit
503 1748 729 1809 deditque.
762 1747 1031 1794 Decemviri
1053 1745 1423 1811 supplicationem
1446 1745 1494 1790 in

215 1819 401 1867 biduum
423 1820 693 1868 valetudinis
713 1820 840 1867 causa
861 1821 905 1867 in
925 1821 1035 1868 urbe
1056 1822 1105 1868 δέ
1124 1836 1204 1881 per
1223 1820 1373 1866 omnia
1394 1819 1494 1866 fora

215 1893 609 1957 conciliabulaque
637 1893 905 1940 edixerunt:
931 1892 1122 1954 majores
1150 1892 1389 1939 duodecim
1412 1909 1494 1939 an-

215 1967 310 2023 nis,
337 1983 496 2014 omnes
525 1968 735 2014 coronati
755 1968 805 2014 &
825 1967 1018 2013 lauream
1038 1967 1083 2012 in
1106 1983 1238 2013 manu
1258 1977 1459 2013 tenentes
1478 1999 1495 2023 ,

215 2040 596 2103 supplicaverunt.
630 2040 810 2087 Fraudis
845 2055 1028 2102 quoque
1063 2039 1271 2085 humanae
1297 2039 1494 2085 insinua-

214 2124 343 2159 verat
374 2112 563 2175 suspicio
588 2112 774 2167 animis;
803 2114 852 2160 &
884 2110 1093 2159 veneficii
1124 2110 1312 2173 quaestio
1341 2127 1395 2156 ex
1426 2109 1493 2156 se-

211 2184 582 2244 natusconsulto,
599 2185 725 2248 quod
748 2186 794 2231 in
815 2185 949 2243 urbe,
969 2183 1216 2248 propiusve
1234 2183 1390 2229 urbem
1411 2183 1491 2228 de·

213 2275 311 2307 cem
331 2260 528 2306 millibus
550 2258 748 2323 paffuum
766 2257 869 2314 effer
886 2257 1164 2305 commissum
1180 2292 1193 2315 ,
1217 2256 1269 2301 C.
1291 2254 1490 2301 Claudio

210 2332 396 2394 praetori
413 2368 426 2385 ,
459 2332 538 2395 qui
569 2333 617 2378 in
646 2331 800 2393 locum
822 2330 894 2377 Ti.
916 2329 1109 2376 Minucii
1135 2339 1227 2375 erat
1257 2325 1490 2381 suffectum

209 2406 324 2452 ultra
344 2405 570 2454 decimum
591 2404 787 2469 lapidem
807 2421 885 2469 per
910 2403 1013 2451 fora
1031 2401 1420 2466 conciliabulaque
1435 2402 1490 2467 C,
