1618 2715
182 92 279 151 446
536 89 1110 136 T1T1L1v11

184 198 438 265 Sibyllinos
464 198 651 245 adirent.
685 199 753 243 Ex
785 195 971 243 decreto
998 211 1156 243 eorum
1190 194 1307 243 diem
1332 211 1476 244 unum

182 273 459 338 supplicatio
499 271 597 318 fnit.
650 272 734 329 &‚
773 272 835 330 Q.
872 268 1050 316 Marcio
1091 269 1302 332 Philippo
1339 270 1478 316 verba

184 358 419 414 praeeunte
439 382 454 405 ‚
493 344 693 408 populus
729 342 778 389 in
809 342 916 389 foro
949 353 1113 389 votum
1147 341 1389 405 concepit:
1425 345 1480 388 Si

186 423 354 470 morbus
370 418 677 485 pestilentiaque
705 435 758 462 ex
780 433 880 477 agro
901 417 1098 460 Romano
1117 432 1250 461 emota
1270 414 1360 479 effizt
1374 449 1388 472 ‚
1416 417 1479 460 bi-

186 499 320 543 duum
340 491 480 551 ferias
509 508 559 535 ac
575 490 930 550 supplicationem
951 489 1002 548 se
1032 487 1280 535 habiturum.
1313 490 1361 534 ln
1385 491 1480 534 Ve-

187 562 303 627 ienti
335 578 443 626 agro
474 560 630 623 biceps
669 570 797 606 natus
828 575 965 621 puer,
994 559 1044 605 &
1069 557 1275 603 Sinueffae
1306 558 1482 604 unima-

187 652 305 694 nus,
335 636 385 682 &
402 631 586 681 Auximi
609 632 757 696 puella
776 648 879 679 cum
903 629 1141 685 dentibus;
1175 630 1225 677 &
1257 646 1383 676 arcus
1408 630 1482 675 in-
1518 626 1521 629 ’

189 709 339 757 terdiu
360 707 519 755 sereno
540 707 663 755 coelo
683 705 812 769 super
832 704 970 751 aedem
993 703 1171 751 Saturni
1193 703 1237 749 in
1259 702 1365 750 foro
1385 705 1484 749 Ro-

189 797 328 831 mano
359 780 561 828 intentus
579 815 593 839 ‚
632 780 683 827 &
713 791 803 826 tres
833 778 960 824 simul
983 776 1096 824 soles
1117 776 1400 824 effulserunt:
1436 778 1486 825 δε

192 857 314 904 faces
345 855 501 901 eadem
523 854 656 901 noete
678 854 827 916 plures
856 869 936 915 per
967 850 1137 901 coelum
1164 849 1295 913 lapsae
1313 849 1412 897 sunt
1438 849 1486 896 in

194 927 465 976 Lanuvino:
496 923 772 989 Caeritesque
803 941 992 988 anguem
1023 923 1068 969 in
1099 922 1271 987 oppido
1302 921 1382 968 suo
1415 920 1488 983 ju-

197 1003 351 1049 batum
367 1032 380 1056 ‚
411 999 556 1047 aureis
582 999 768 1046 maculis
789 997 1008 1061 sparsum,
1028 995 1271 1059 apparuiffe
1293 996 1488 1042 affirma-

197 1078 321 1125 bant.
355 1077 404 1123 &
421 1111 434 1135 ‚
464 1076 511 1122 in
536 1092 645 1140 agro
672 1077 910 1139 Campano
938 1075 1110 1122 bovem
1137 1073 1342 1120 locutum
1371 1072 1455 1119 effe
1472 1107 1489 1131 ‚

193 1151 301 1200 satis
323 1149 570 1197 constabat.

263 1224 411 1271 XXII.
439 1222 594 1286 Legati
622 1220 773 1268 Nonis
802 1219 941 1268 Juniis
968 1236 1024 1266 ex
1051 1218 1207 1266 Africa
1240 1218 1492 1276 redierunt,

200 1294 307 1360 qui,
333 1305 573 1341 convento
609 1293 732 1356 prius
761 1291 980 1339 Masinissa
1012 1309 1144 1356 rege,
1173 1291 1493 1355 Carthaginem

201 1370 374 1416 ierant:
408 1379 611 1415 ceterum
642 1365 806 1413 certius
833 1364 1097 1427 aliquanto,
1128 1381 1230 1428 qnae
1256 1361 1493 1428 Carthagi-

196 1459 260 1496 ‚ne
291 1442 384 1488 aeia
414 1440 581 1495 effent,
613 1439 668 1486 ab
699 1454 801 1502 rege
831 1437 1101 1493 rescierant,
1135 1454 1270 1500 quam
1303 1437 1358 1483 ab
1389 1435 1493 1498 ipsis

203 1511 665 1576 Carthaginiensibus.
712 1520 997 1572 compertum
1045 1520 1195 1555 tamen
1237 1507 1495 1553 affirmave-

205 1599 342 1644 runt,
377 1586 549 1649 legatos
580 1585 636 1637 ab
661 1600 763 1647 rege
784 1582 944 1630 Perseo
965 1581 1160 1638 venisse,
1194 1581 1333 1645 iisque
1355 1581 1496 1627 noetu

201 1659 408 1711 :senatum
434 1659 480 1705 in
509 1659 602 1706 aede
627 1658 869 1720 AEsculapii
897 1657 1049 1704 datum
1082 1657 1182 1704 effe.
1219 1656 1281 1703 ab·
1302 1654 1496 1702 Cartha-

206 1734 315 1799 gine
349 1733 521 1797 legatos
553 1733 600 1779 in
628 1729 944 1779 Macedoniam
976 1730 1126 1778 missos
1143 1766 1159 1788 ,
1193 1731 1243 1776 δε
1272 1745 1351 1775 rex
1373 1726 1497 1774 affir-

210 1819 444 1866 maverat,
476 1808 523 1855 &
549 1805 631 1869 ipsi
658 1822 815 1868 parum
840 1803 1096 1852 constanter
1123 1813 1410 1867 negaverant.
1447 1802 1500 1846 In

210 1880 529 1928 Macedoniam
549 1894 735 1943 quoque
749 1876 995 1923 mittendos
1012 1875 1183 1938 legatos
1201 1874 1374 1921 senatus
1394 1888 1500 1918 cen-

215 1955 314 2002 suit.
349 1967 439 2002 tres
469 1953 581 2000 mifii
611 1951 728 2011 sint,
754 1952 808 1998 C.
841 1949 1032 2008 Laelius,
1060 1951 1125 1996 M.
1146 1948 1348 1995 Valerius
1379 1945 1500 1993 Mes-

205 2028 349 2086 salla,
380 2030 482 2076 Sex.
509 2025 727 2090 Digititts.
763 2024 942 2071 Perseus
971 2041 1051 2087 per
1084 2023 1130 2069 id
1161 2035 1364 2086 tempus,
1398 2019 1504 2085 quia

215 2102 399 2166 quidam
412 2101 659 2163 Dolopum
681 2115 777 2145 non
797 2098 1012 2161 parebant
1026 2133 1039 2154 ,
1057 2099 1130 2155 ἃ,
1153 2097 1205 2143 de
1223 2096 1386 2159 quibus
1404 2111 1503 2141 am-

216 2174 451 2238 bigebatur
477 2173 610 2220 rebus
626 2208 640 2232 ‚
668 2171 1034 2234 disceptationem
1064 2170 1118 2217 al)
1138 2186 1239 2233 rege
1260 2169 1313 2216 ad
1333 2169 1502 2213 Roma-

215 2265 302 2296 nos
333 2249 642 2304 revocabant,
677 2264 778 2295 cum
807 2245 1008 2293 exercitu
1039 2243 1294 2308 proscenis,
1332 2240 1411 2287 sub
1432 2239 1503 2301 jus

211 2322 526 2387 „indiciumque
554 2322 680 2370 suum
705 2334 847 2369 totam
871 2322 1020 2385 coegit
1039 2333 1231 2384 gentem.
1246 2317 1372 2363 'Inde
1389 2352 1402 2372 ‚
1425 2330 1504 2377 per

215 2396 390 2446 (Etaeos
426 2409 606 2446 montes
640 2395 958 2461 transgrefliis,
994 2392 1285 2457 religionibus
1319 2386 1504 2453 quibus-
