<?xml version="1.0" encoding="UTF-8"?>
<!DOCTYPE html PUBLIC "-//W3C//DTD XHTML 1.0 Transitional//EN"
    "http://www.w3.org/TR/xhtml1/DTD/xhtml1-transitional.dtd">
<html xmlns="http://www.w3.org/1999/xhtml" xml:lang="en" lang="en">
 <head>
  <title>
</title>
<meta http-equiv="Content-Type" content="text/html;charset=utf-8" />
  <meta name='ocr-system' content='tesseract 3.04.00' />
  <meta name='ocr-capabilities' content='ocr_page ocr_carea ocr_par ocr_line ocrx_word'/>
</head>
<body>
  <div class='ocr_page' id='page_1' title='image "./historiarumlibri06livyuoft_0211.png"; bbox 0 0 1618 2715; ppageno 0'>
   <div class='ocr_carea' id='block_1_1' title="bbox 0 1026 5 1664">
    <p class='ocr_par' dir='ltr' id='par_1_1' title="bbox 0 1026 5 1664">
     <span class='ocr_line' id='line_1_1' title="bbox 0 1026 5 1664; baseline 0 0"><span class='ocrx_word' id='word_1_1' title='bbox 0 1026 5 1664; x_wconf 95' lang='lat' dir='ltr'> </span> 
     </span>
    </p>
   </div>
   <div class='ocr_carea' id='block_1_2' title="bbox 0 316 24 2222">
    <p class='ocr_par' dir='ltr' id='par_1_2' title="bbox 0 316 24 2222">
     <span class='ocr_line' id='line_1_2' title="bbox 0 316 24 2222; baseline 0 0"><span class='ocrx_word' id='word_1_2' title='bbox 0 316 24 2222; x_wconf 95' lang='lat' dir='ltr'> </span> 
     </span>
    </p>
   </div>
   <div class='ocr_carea' id='block_1_3' title="bbox 5 1429 13 2222">
    <p class='ocr_par' dir='ltr' id='par_1_3' title="bbox 5 1429 13 2222">
     <span class='ocr_line' id='line_1_3' title="bbox 5 1429 13 2222; baseline 0 0"><span class='ocrx_word' id='word_1_3' title='bbox 5 1429 13 2222; x_wconf 95' lang='lat' dir='ltr'> </span> 
     </span>
    </p>
   </div>
   <div class='ocr_carea' id='block_1_4' title="bbox 2 316 23 2255">
    <p class='ocr_par' dir='ltr' id='par_1_4' title="bbox 2 316 23 2255">
     <span class='ocr_line' id='line_1_4' title="bbox 2 316 23 2255; baseline 0 0"><span class='ocrx_word' id='word_1_4' title='bbox 2 316 23 2255; x_wconf 95' lang='lat' dir='ltr'> </span> 
     </span>
    </p>
   </div>
   <div class='ocr_carea' id='block_1_5' title="bbox 0 2238 20 2715">
    <p class='ocr_par' dir='ltr' id='par_1_5' title="bbox 0 2238 20 2715">
     <span class='ocr_line' id='line_1_5' title="bbox 0 2238 20 2715; baseline 0 0"><span class='ocrx_word' id='word_1_5' title='bbox 0 2238 20 2715; x_wconf 95' lang='lat' dir='ltr'> </span> 
     </span>
    </p>
   </div>
   <div class='ocr_carea' id='block_1_6' title="bbox 254 110 1408 195">
    <p class='ocr_par' dir='ltr' id='par_1_6' title="bbox 254 110 1408 195">
     <span class='ocr_line' id='line_1_6' title="bbox 254 110 1408 195; baseline -0.007 -7"><span class='ocrx_word' id='word_1_6' title='bbox 254 110 1248 188; x_wconf 42' lang='lat' dir='ltr'>H1STOR1ARUM&#39;LIB.XXXV111.</span> <span class='ocrx_word' id='word_1_7' title='bbox 1320 149 1408 195; x_wconf 74' lang='lat'>203</span> 
     </span>
    </p>
   </div>
   <div class='ocr_carea' id='block_1_7' title="bbox 125 237 1458 2489">
    <p class='ocr_par' dir='ltr' id='par_1_7' title="bbox 125 237 1458 1312">
     <span class='ocr_line' id='line_1_7' title="bbox 126 237 1414 308; baseline -0.01 -14"><span class='ocrx_word' id='word_1_8' title='bbox 126 246 344 293; x_wconf 80' lang='lat' dir='ltr'><strong>Nicandri</strong></span> <span class='ocrx_word' id='word_1_9' title='bbox 371 243 577 308; x_wconf 87' lang='lat' dir='ltr'>praetoris</span> <span class='ocrx_word' id='word_1_10' title='bbox 604 251 917 290; x_wconf 82' lang='lat' dir='ltr'>convenerant</span> <span class='ocrx_word' id='word_1_11' title='bbox 938 239 1094 287; x_wconf 85' lang='lat' dir='ltr'>AEtoli.</span> <span class='ocrx_word' id='word_1_12' title='bbox 1131 237 1236 283; x_wconf 81' lang='lat' dir='ltr'>Inde</span> <span class='ocrx_word' id='word_1_13' title='bbox 1262 237 1414 299; x_wconf 81' lang='lat' dir='ltr'>primo</span> 
     </span>
     <span class='ocr_line' id='line_1_8' title="bbox 125 310 1415 381; baseline -0.009 -16"><span class='ocrx_word' id='word_1_14' title='bbox 125 319 272 381; x_wconf 89' lang='lat' dir='ltr'>copiis</span> <span class='ocrx_word' id='word_1_15' title='bbox 292 317 505 364; x_wconf 88' lang='lat' dir='ltr'>omnibus</span> <span class='ocrx_word' id='word_1_16' title='bbox 528 315 583 362; x_wconf 86' lang='lat' dir='ltr'>ad</span> <span class='ocrx_word' id='word_1_17' title='bbox 607 313 933 377; x_wconf 69' lang='lat' dir='ltr'>prohibendam</span> <span class='ocrx_word' id='word_1_18' title='bbox 953 311 1237 359; x_wconf 76' lang='lat' dir='ltr'>obsidionem</span> <span class='ocrx_word' id='word_1_19' title='bbox 1259 310 1415 355; x_wconf 83' lang='lat' dir='ltr'>venire</span> 
     </span>
     <span class='ocr_line' id='line_1_9' title="bbox 126 381 1415 447; baseline -0.007 -12"><span class='ocrx_word' id='word_1_20' title='bbox 126 388 172 435; x_wconf 88' lang='lat' dir='ltr'>in</span> <span class='ocrx_word' id='word_1_21' title='bbox 201 390 356 435; x_wconf 85' lang='lat' dir='ltr'>animo</span> <span class='ocrx_word' id='word_1_22' title='bbox 380 387 538 434; x_wconf 85' lang='lat' dir='ltr'>fuerat.</span> <span class='ocrx_word' id='word_1_23' title='bbox 568 386 754 441; x_wconf 77' lang='lat' dir='ltr'>deinde,</span> <span class='ocrx_word' id='word_1_24' title='bbox 773 384 1009 447; x_wconf 80' lang='lat' dir='ltr'>postquam</span> <span class='ocrx_word' id='word_1_25' title='bbox 1032 383 1187 430; x_wconf 82' lang='lat' dir='ltr'>urbem</span> <span class='ocrx_word' id='word_1_26' title='bbox 1210 381 1299 442; x_wconf 84' lang='lat' dir='ltr'>jam</span> <span class='ocrx_word' id='word_1_27' title='bbox 1322 398 1415 427; x_wconf 85' lang='lat' dir='ltr'>ma-</span> 
     </span>
     <span class='ocr_line' id='line_1_10' title="bbox 125 456 1414 526; baseline -0.006 -17"><span class='ocrx_word' id='word_1_28' title='bbox 125 481 210 526; x_wconf 81' lang='lat' dir='ltr'>gna</span> <span class='ocrx_word' id='word_1_29' title='bbox 240 479 296 508; x_wconf 84' lang='lat' dir='ltr'>ex</span> <span class='ocrx_word' id='word_1_30' title='bbox 328 476 452 524; x_wconf 88' lang='lat' dir='ltr'>parte</span> <span class='ocrx_word' id='word_1_31' title='bbox 483 461 696 523; x_wconf 81' lang='lat' dir='ltr'><strong>operibus</strong></span> <span class='ocrx_word' id='word_1_32' title='bbox 726 459 892 522; x_wconf 80' lang='lat' dir='ltr'>septam</span> <span class='ocrx_word' id='word_1_33' title='bbox 922 457 1165 513; x_wconf 84' lang='lat' dir='ltr'>viderunt,</span> <span class='ocrx_word' id='word_1_34' title='bbox 1201 456 1414 516; x_wconf 85' lang='lat' dir='ltr'>Epirota-</span> 
     </span>
     <span class='ocr_line' id='line_1_11' title="bbox 126 526 1415 594; baseline -0.008 -13"><span class='ocrx_word' id='word_1_35' title='bbox 126 552 223 581; x_wconf 90' lang='lat' dir='ltr'>rum</span> <span class='ocrx_word' id='word_1_36' title='bbox 252 547 374 581; x_wconf 88' lang='lat' dir='ltr'>trans</span> <span class='ocrx_word' id='word_1_37' title='bbox 403 533 574 580; x_wconf 84' lang='lat' dir='ltr'>fiumen</span> <span class='ocrx_word' id='word_1_38' title='bbox 594 533 701 580; x_wconf 90' lang='lat' dir='ltr'>loco</span> <span class='ocrx_word' id='word_1_39' title='bbox 725 532 861 594; x_wconf 86' lang='lat' dir='ltr'>plano</span> <span class='ocrx_word' id='word_1_40' title='bbox 884 529 1021 577; x_wconf 86' lang='lat' dir='ltr'>castra</span> <span class='ocrx_word' id='word_1_41' title='bbox 1045 528 1188 591; x_wconf 78' lang='lat' dir='ltr'>posita</span> <span class='ocrx_word' id='word_1_42' title='bbox 1208 527 1292 573; x_wconf 78' lang='lat' dir='ltr'>effe</span> <span class='ocrx_word' id='word_1_43' title='bbox 1307 562 1320 583; x_wconf 88' lang='lat'>‚</span> <span class='ocrx_word' id='word_1_44' title='bbox 1342 526 1415 572; x_wconf 88' lang='lat' dir='ltr'>di-</span> 
     </span>
     <span class='ocr_line' id='line_1_12' title="bbox 130 602 1416 671; baseline -0.006 -17"><span class='ocrx_word' id='word_1_45' title='bbox 130 608 285 655; x_wconf 85' lang='lat' dir='ltr'>videre</span> <span class='ocrx_word' id='word_1_46' title='bbox 319 608 472 671; x_wconf 83' lang='lat' dir='ltr'>copias</span> <span class='ocrx_word' id='word_1_47' title='bbox 505 607 684 670; x_wconf 79' lang='lat' dir='ltr'>placuit.</span> <span class='ocrx_word' id='word_1_48' title='bbox 720 623 823 653; x_wconf 87' lang='lat' dir='ltr'>cum</span> <span class='ocrx_word' id='word_1_49' title='bbox 853 603 975 651; x_wconf 86' lang='lat' dir='ltr'>mille</span> <span class='ocrx_word' id='word_1_50' title='bbox 1003 602 1223 665; x_wconf 86' lang='lat' dir='ltr'>expeditis</span> <span class='ocrx_word' id='word_1_51' title='bbox 1255 603 1416 663; x_wconf 88' lang='lat' dir='ltr'>Eupo-</span> 
     </span>
     <span class='ocr_line' id='line_1_13' title="bbox 127 674 1418 742; baseline -0.004 -17"><span class='ocrx_word' id='word_1_52' title='bbox 127 681 268 726; x_wconf 86' lang='lat' dir='ltr'>lemus</span> <span class='ocrx_word' id='word_1_53' title='bbox 292 682 574 728; x_wconf 78' lang='lat' dir='ltr'>Ambraciam</span> <span class='ocrx_word' id='word_1_54' title='bbox 597 679 847 742; x_wconf 60' lang='lat' dir='ltr'>profectus,</span> <span class='ocrx_word' id='word_1_55' title='bbox 876 693 955 740; x_wconf 91' lang='lat' dir='ltr'>per</span> <span class='ocrx_word' id='word_1_56' title='bbox 983 677 1183 722; x_wconf 82' lang='lat' dir='ltr'>nondum</span> <span class='ocrx_word' id='word_1_57' title='bbox 1206 674 1418 722; x_wconf 86' lang='lat' dir='ltr'>commis-</span> 
     </span>
     <span class='ocr_line' id='line_1_14' title="bbox 127 747 1418 800; baseline -0.006 0"><span class='ocrx_word' id='word_1_58' title='bbox 127 754 171 800; x_wconf 84' lang='lat' dir='ltr'>sa</span> <span class='ocrx_word' id='word_1_59' title='bbox 204 754 321 800; x_wconf 87' lang='lat' dir='ltr'>inter</span> <span class='ocrx_word' id='word_1_60' title='bbox 353 752 394 799; x_wconf 82' lang='lat' dir='ltr'>se</span> <span class='ocrx_word' id='word_1_61' title='bbox 430 753 711 799; x_wconf 84' lang='lat' dir='ltr'>munimenta</span> <span class='ocrx_word' id='word_1_62' title='bbox 745 751 902 797; x_wconf 89' lang='lat' dir='ltr'>urbem</span> <span class='ocrx_word' id='word_1_63' title='bbox 937 751 1138 796; x_wconf 84' lang='lat' dir='ltr'>intravit.</span> <span class='ocrx_word' id='word_1_64' title='bbox 1162 747 1418 794; x_wconf 63' lang='lat' dir='ltr'>‘Nicandro</span> 
     </span>
     <span class='ocr_line' id='line_1_15' title="bbox 128 820 1418 887; baseline -0.006 -13"><span class='ocrx_word' id='word_1_65' title='bbox 128 845 233 875; x_wconf 89' lang='lat' dir='ltr'>cum</span> <span class='ocrx_word' id='word_1_66' title='bbox 265 843 410 873; x_wconf 85' lang='lat' dir='ltr'>cetera</span> <span class='ocrx_word' id='word_1_67' title='bbox 443 843 578 872; x_wconf 87' lang='lat' dir='ltr'>manu</span> <span class='ocrx_word' id='word_1_68' title='bbox 610 825 761 887; x_wconf 87' lang='lat' dir='ltr'>primo</span> <span class='ocrx_word' id='word_1_69' title='bbox 796 824 1085 886; x_wconf 80' lang='lat' dir='ltr'>Epirotarum</span> <span class='ocrx_word' id='word_1_70' title='bbox 1117 822 1254 869; x_wconf 86' lang='lat' dir='ltr'>castra</span> <span class='ocrx_word' id='word_1_71' title='bbox 1283 820 1418 866; x_wconf 54' lang='lat' dir='ltr'>nocte</span> 
     </span>
     <span class='ocr_line' id='line_1_16' title="bbox 128 891 1419 963; baseline -0.005 -17"><span class='ocrx_word' id='word_1_72' title='bbox 128 899 310 963; x_wconf 77' lang='lat' dir='ltr'>aggredi</span> <span class='ocrx_word' id='word_1_73' title='bbox 344 898 577 946; x_wconf 74' lang='lat' dir='ltr'>consilium</span> <span class='ocrx_word' id='word_1_74' title='bbox 610 897 780 954; x_wconf 78' lang='lat' dir='ltr'>fuerat,</span> <span class='ocrx_word' id='word_1_75' title='bbox 812 897 928 942; x_wconf 89' lang='lat' dir='ltr'>haud</span> <span class='ocrx_word' id='word_1_76' title='bbox 959 895 1079 943; x_wconf 82' lang='lat' dir='ltr'>facili</span> <span class='ocrx_word' id='word_1_77' title='bbox 1110 895 1166 941; x_wconf 86' lang='lat' dir='ltr'>ab</span> <span class='ocrx_word' id='word_1_78' title='bbox 1198 891 1419 940; x_wconf 80' lang='lat' dir='ltr'>Romanis</span> 
     </span>
     <span class='ocr_line' id='line_1_17' title="bbox 128 964 1420 1035; baseline -0.005 -17"><span class='ocrx_word' id='word_1_79' title='bbox 128 973 330 1030; x_wconf 84' lang='lat' dir='ltr'>auxilio,</span> <span class='ocrx_word' id='word_1_80' title='bbox 366 971 470 1035; x_wconf 86' lang='lat' dir='ltr'>quia</span> <span class='ocrx_word' id='word_1_81' title='bbox 498 969 663 1016; x_wconf 77' lang='lat' dir='ltr'>flumen</span> <span class='ocrx_word' id='word_1_82' title='bbox 699 970 925 1016; x_wconf 77' lang='lat' dir='ltr'><strong>intererat.</strong></span> <span class='ocrx_word' id='word_1_83' title='bbox 963 968 1156 1020; x_wconf 76' lang='lat' dir='ltr'>deinde,</span> <span class='ocrx_word' id='word_1_84' title='bbox 1190 964 1420 1027; x_wconf 86' lang='lat' dir='ltr'>periculo-</span> 
     </span>
     <span class='ocr_line' id='line_1_18' title="bbox 128 1037 1420 1105; baseline -0.007 -14"><span class='ocrx_word' id='word_1_85' title='bbox 128 1046 224 1092; x_wconf 87' lang='lat' dir='ltr'>sum</span> <span class='ocrx_word' id='word_1_86' title='bbox 248 1044 478 1105; x_wconf 85' lang='lat' dir='ltr'>inceptum</span> <span class='ocrx_word' id='word_1_87' title='bbox 499 1055 618 1089; x_wconf 86' lang='lat' dir='ltr'>ratus</span> <span class='ocrx_word' id='word_1_88' title='bbox 633 1078 645 1099; x_wconf 90' lang='lat'><strong>‚</strong></span> <span class='ocrx_word' id='word_1_89' title='bbox 674 1058 730 1088; x_wconf 90' lang='lat' dir='ltr'>ne</span> <span class='ocrx_word' id='word_1_90' title='bbox 757 1058 846 1102; x_wconf 86' lang='lat' dir='ltr'>qua</span> <span class='ocrx_word' id='word_1_91' title='bbox 868 1039 1079 1086; x_wconf 78' lang='lat' dir='ltr'>sentirent</span> <span class='ocrx_word' id='word_1_92' title='bbox 1102 1037 1295 1084; x_wconf 87' lang='lat' dir='ltr'>Romani</span> <span class='ocrx_word' id='word_1_93' title='bbox 1315 1072 1330 1093; x_wconf 86' lang='lat'>‚</span> <span class='ocrx_word' id='word_1_94' title='bbox 1367 1038 1420 1083; x_wconf 87' lang='lat'>&amp;</span> 
     </span>
     <span class='ocr_line' id='line_1_19' title="bbox 127 1111 1458 1181; baseline -0.007 -17"><span class='ocrx_word' id='word_1_95' title='bbox 127 1119 342 1181; x_wconf 68' lang='lat' dir='ltr'>regressus</span> <span class='ocrx_word' id='word_1_96' title='bbox 361 1118 465 1164; x_wconf 84' lang='lat' dir='ltr'>inde</span> <span class='ocrx_word' id='word_1_97' title='bbox 491 1118 537 1162; x_wconf 88' lang='lat' dir='ltr'>in</span> <span class='ocrx_word' id='word_1_98' title='bbox 556 1130 702 1162; x_wconf 85' lang='lat' dir='ltr'>tutum</span> <span class='ocrx_word' id='word_1_99' title='bbox 725 1131 818 1160; x_wconf 88' lang='lat' dir='ltr'>non</span> <span class='ocrx_word' id='word_1_100' title='bbox 839 1114 968 1171; x_wconf 83' lang='lat' dir='ltr'>effet,</span> <span class='ocrx_word' id='word_1_101' title='bbox 996 1113 1233 1159; x_wconf 84' lang='lat' dir='ltr'>deterritus</span> <span class='ocrx_word' id='word_1_102' title='bbox 1253 1111 1308 1157; x_wconf 87' lang='lat' dir='ltr'>ab</span> <span class='ocrx_word' id='word_1_103' title='bbox 1327 1111 1420 1156; x_wconf 88' lang='lat' dir='ltr'>hoc</span> <span class='ocrx_word' id='word_1_104' title='bbox 1455 1123 1458 1131; x_wconf 93' lang='lat'><em>·</em></span> 
     </span>
     <span class='ocr_line' id='line_1_20' title="bbox 129 1185 1422 1251; baseline -0.006 -14"><span class='ocrx_word' id='word_1_105' title='bbox 129 1191 322 1238; x_wconf 78' lang='lat' dir='ltr'>consilio</span> <span class='ocrx_word' id='word_1_106' title='bbox 342 1226 357 1249; x_wconf 81' lang='lat'>‚</span> <span class='ocrx_word' id='word_1_107' title='bbox 391 1190 446 1236; x_wconf 87' lang='lat' dir='ltr'>ad</span> <span class='ocrx_word' id='word_1_108' title='bbox 471 1188 834 1251; x_wconf 71' lang='lat' dir='ltr'>depopulandam</span> <span class='ocrx_word' id='word_1_109' title='bbox 861 1186 1160 1234; x_wconf 81' lang='lat' dir='ltr'>Acarnaniam</span> <span class='ocrx_word' id='word_1_110' title='bbox 1188 1185 1273 1231; x_wconf 87' lang='lat' dir='ltr'>iter</span> <span class='ocrx_word' id='word_1_111' title='bbox 1303 1199 1422 1231; x_wconf 89' lang='lat' dir='ltr'>con-</span> 
     </span>
     <span class='ocr_line' id='line_1_21' title="bbox 127 1264 282 1312; baseline 0 0"><span class='ocrx_word' id='word_1_112' title='bbox 127 1264 282 1312; x_wconf 87' lang='lat' dir='ltr'>vertit.</span> 
     </span>
    </p>

    <p class='ocr_par' dir='ltr' id='par_1_8' title="bbox 129 1328 1432 2489">
     <span class='ocr_line' id='line_1_22' title="bbox 200 1328 1422 1396; baseline -0.006 -14"><span class='ocrx_word' id='word_1_113' title='bbox 200 1339 257 1383; x_wconf 88' lang='lat' dir='ltr'>V.</span> <span class='ocrx_word' id='word_1_114' title='bbox 289 1335 494 1392; x_wconf 85' lang='lat' dir='ltr'>Consul,</span> <span class='ocrx_word' id='word_1_115' title='bbox 531 1334 620 1396; x_wconf 77' lang='lat' dir='ltr'>jam</span> <span class='ocrx_word' id='word_1_116' title='bbox 648 1332 942 1381; x_wconf 88' lang='lat' dir='ltr'>munimentis</span> <span class='ocrx_word' id='word_1_117' title='bbox 962 1369 977 1392; x_wconf 93' lang='lat'>‚</span> <span class='ocrx_word' id='word_1_118' title='bbox 1014 1331 1178 1395; x_wconf 86' lang='lat' dir='ltr'>quibus</span> <span class='ocrx_word' id='word_1_119' title='bbox 1212 1328 1422 1392; x_wconf 88' lang='lat' dir='ltr'>sepienda</span> 
     </span>
     <span class='ocr_line' id='line_1_23' title="bbox 129 1403 1420 1470; baseline -0.007 -14"><span class='ocrx_word' id='word_1_120' title='bbox 129 1409 235 1457; x_wconf 85' lang='lat' dir='ltr'>urbs</span> <span class='ocrx_word' id='word_1_121' title='bbox 262 1422 354 1457; x_wconf 87' lang='lat' dir='ltr'>erat</span> <span class='ocrx_word' id='word_1_122' title='bbox 370 1445 383 1468; x_wconf 89' lang='lat'>‚</span> <span class='ocrx_word' id='word_1_123' title='bbox 408 1408 492 1470; x_wconf 78' lang='lat' dir='ltr'>jam</span> <span class='ocrx_word' id='word_1_124' title='bbox 516 1406 758 1469; x_wconf 79' lang='lat' dir='ltr'>operibus,</span> <span class='ocrx_word' id='word_1_125' title='bbox 784 1423 884 1468; x_wconf 84' lang='lat' dir='ltr'>quae</span> <span class='ocrx_word' id='word_1_126' title='bbox 906 1407 1150 1452; x_wconf 79' lang='lat' dir='ltr'>admovere</span> <span class='ocrx_word' id='word_1_127' title='bbox 1175 1403 1313 1449; x_wconf 86' lang='lat' dir='ltr'>muris</span> <span class='ocrx_word' id='word_1_128' title='bbox 1338 1419 1420 1465; x_wconf 81' lang='lat' dir='ltr'>pa-</span> 
     </span>
     <span class='ocr_line' id='line_1_24' title="bbox 130 1475 1422 1544; baseline -0.007 -16"><span class='ocrx_word' id='word_1_129' title='bbox 130 1483 286 1538; x_wconf 83' lang='lat' dir='ltr'>rabat,</span> <span class='ocrx_word' id='word_1_130' title='bbox 322 1480 557 1544; x_wconf 60' lang='lat' dir='ltr'>perfectis,</span> <span class='ocrx_word' id='word_1_131' title='bbox 596 1480 797 1542; x_wconf 88' lang='lat' dir='ltr'>quinque</span> <span class='ocrx_word' id='word_1_132' title='bbox 836 1479 964 1525; x_wconf 87' lang='lat' dir='ltr'>fimul</span> <span class='ocrx_word' id='word_1_133' title='bbox 1001 1478 1116 1524; x_wconf 88' lang='lat' dir='ltr'>locis</span> <span class='ocrx_word' id='word_1_134' title='bbox 1154 1476 1323 1522; x_wconf 81' lang='lat' dir='ltr'>moenia</span> <span class='ocrx_word' id='word_1_135' title='bbox 1359 1475 1422 1520; x_wconf 86' lang='lat' dir='ltr'>est</span> 
     </span>
     <span class='ocr_line' id='line_1_25' title="bbox 131 1549 1420 1618; baseline -0.005 -18"><span class='ocrx_word' id='word_1_136' title='bbox 131 1554 363 1618; x_wconf 65' lang='lat' dir='ltr'>aggress&#39;us.</span> <span class='ocrx_word' id='word_1_137' title='bbox 396 1553 480 1600; x_wconf 85' lang='lat' dir='ltr'>tria</span> <span class='ocrx_word' id='word_1_138' title='bbox 511 1551 972 1615; x_wconf 80' lang='lat' dir='ltr'>paribus-intervallis</span> <span class='ocrx_word' id='word_1_139' title='bbox 1003 1549 1208 1597; x_wconf 83' lang='lat' dir='ltr'>faciliore</span> <span class='ocrx_word' id='word_1_140' title='bbox 1235 1549 1358 1595; x_wconf 85' lang='lat' dir='ltr'>aditu</span> <span class='ocrx_word' id='word_1_141' title='bbox 1393 1564 1420 1593; x_wconf 85' lang='lat' dir='ltr'>a</span> 
     </span>
     <span class='ocr_line' id='line_1_26' title="bbox 131 1623 1432 1692; baseline -0.006 -16"><span class='ocrx_word' id='word_1_142' title='bbox 131 1645 291 1692; x_wconf 87' lang='lat' dir='ltr'>campo</span> <span class='ocrx_word' id='word_1_143' title='bbox 317 1627 528 1675; x_wconf 86' lang='lat' dir='ltr'>adversus</span> <span class='ocrx_word' id='word_1_144' title='bbox 556 1627 835 1691; x_wconf 83' lang='lat' dir='ltr'>Pyrrheum,</span> <span class='ocrx_word' id='word_1_145' title='bbox 869 1625 995 1688; x_wconf 88' lang='lat' dir='ltr'>quod</span> <span class='ocrx_word' id='word_1_146' title='bbox 1026 1636 1199 1671; x_wconf 88' lang='lat' dir='ltr'>vocant</span> <span class='ocrx_word' id='word_1_147' title='bbox 1216 1658 1231 1679; x_wconf 91' lang='lat'>‚</span> <span class='ocrx_word' id='word_1_148' title='bbox 1258 1623 1432 1668; x_wconf 86' lang='lat' dir='ltr'>admo-.</span> 
     </span>
     <span class='ocr_line' id='line_1_27' title="bbox 134 1693 1422 1764; baseline -0.005 -15"><span class='ocrx_word' id='word_1_149' title='bbox 134 1702 229 1749; x_wconf 85' lang='lat' dir='ltr'>vit:</span> <span class='ocrx_word' id='word_1_150' title='bbox 265 1719 406 1749; x_wconf 88' lang='lat' dir='ltr'>unum</span> <span class='ocrx_word' id='word_1_151' title='bbox 441 1718 465 1747; x_wconf 90' lang='lat' dir='ltr'>e</span> <span class='ocrx_word' id='word_1_152' title='bbox 499 1701 688 1764; x_wconf 77' lang='lat' dir='ltr'>regione</span> <span class='ocrx_word' id='word_1_153' title='bbox 722 1699 993 1761; x_wconf 81' lang='lat' dir='ltr'>AEsculapii3</span> <span class='ocrx_word' id='word_1_154' title='bbox 1032 1714 1171 1743; x_wconf 88' lang='lat' dir='ltr'>unum</span> <span class='ocrx_word' id='word_1_155' title='bbox 1208 1693 1422 1742; x_wconf 81' lang='lat' dir='ltr'>adversus</span> 
     </span>
     <span class='ocr_line' id='line_1_28' title="bbox 132 1767 1422 1836; baseline -0.006 -14"><span class='ocrx_word' id='word_1_156' title='bbox 132 1794 295 1824; x_wconf 80' lang='lat' dir='ltr'>arcem.</span> <span class='ocrx_word' id='word_1_157' title='bbox 329 1775 556 1823; x_wconf 87' lang='lat' dir='ltr'>Arietibus</span> <span class='ocrx_word' id='word_1_158' title='bbox 588 1790 746 1822; x_wconf 86' lang='lat' dir='ltr'>muros</span> <span class='ocrx_word' id='word_1_159' title='bbox 775 1772 1033 1836; x_wconf 82' lang='lat' dir='ltr'>quatiebat,</span> <span class='ocrx_word' id='word_1_160' title='bbox 1052 1770 1260 1817; x_wconf 68' lang='lat' dir='ltr'>affer-ibus</span> <span class='ocrx_word' id='word_1_161' title='bbox 1288 1767 1422 1815; x_wconf 85' lang='lat' dir='ltr'>falca-</span> 
     </span>
     <span class='ocr_line' id='line_1_29' title="bbox 135 1840 1424 1910; baseline -0.006 -17"><span class='ocrx_word' id='word_1_162' title='bbox 135 1847 189 1895; x_wconf 88' lang='lat' dir='ltr'>tis</span> <span class='ocrx_word' id='word_1_163' title='bbox 221 1847 475 1910; x_wconf 84' lang='lat' dir='ltr'>detergebat</span> <span class='ocrx_word' id='word_1_164' title='bbox 498 1847 669 1908; x_wconf 84' lang='lat' dir='ltr'>pinnas.</span> <span class='ocrx_word' id='word_1_165' title='bbox 707 1845 977 1908; x_wconf 82' lang='lat' dir='ltr'>Oppidanos</span> <span class='ocrx_word' id='word_1_166' title='bbox 998 1844 1145 1906; x_wconf 86' lang='lat' dir='ltr'>primo</span> <span class='ocrx_word' id='word_1_167' title='bbox 1175 1843 1225 1889; x_wconf 86' lang='lat'>&amp;</span> <span class='ocrx_word' id='word_1_168' title='bbox 1246 1841 1301 1887; x_wconf 89' lang='lat' dir='ltr'>ad</span> <span class='ocrx_word' id='word_1_169' title='bbox 1326 1840 1424 1902; x_wconf 87' lang='lat' dir='ltr'>spe-</span> 
     </span>
     <span class='ocr_line' id='line_1_30' title="bbox 134 1912 1424 1976; baseline -0.006 -10"><span class='ocrx_word' id='word_1_170' title='bbox 134 1920 249 1967; x_wconf 80' lang='lat' dir='ltr'>ciem</span> <span class='ocrx_word' id='word_1_171' title='bbox 268 1921 317 1966; x_wconf 87' lang='lat'>&amp;</span> <span class='ocrx_word' id='word_1_172' title='bbox 337 1919 390 1965; x_wconf 87' lang='lat' dir='ltr'>ad</span> <span class='ocrx_word' id='word_1_173' title='bbox 406 1919 517 1965; x_wconf 60' lang='lat' dir='ltr'>ictus</span> <span class='ocrx_word' id='word_1_174' title='bbox 537 1918 759 1964; x_wconf 83' lang='lat' dir='ltr'>moenium</span> <span class='ocrx_word' id='word_1_175' title='bbox 778 1953 792 1976; x_wconf 86' lang='lat'>‚</span> <span class='ocrx_word' id='word_1_176' title='bbox 818 1934 924 1964; x_wconf 89' lang='lat' dir='ltr'>cum</span> <span class='ocrx_word' id='word_1_177' title='bbox 950 1916 1139 1963; x_wconf 84' lang='lat' dir='ltr'>terribili</span> <span class='ocrx_word' id='word_1_178' title='bbox 1158 1914 1307 1961; x_wconf 87' lang='lat' dir='ltr'>sonitu</span> <span class='ocrx_word' id='word_1_179' title='bbox 1326 1912 1424 1958; x_wconf 89' lang='lat' dir='ltr'>edi-</span> 
     </span>
     <span class='ocr_line' id='line_1_31' title="bbox 136 1988 1424 2054; baseline -0.007 -16"><span class='ocrx_word' id='word_1_180' title='bbox 136 2004 231 2049; x_wconf 76' lang='lat' dir='ltr'>tos,</span> <span class='ocrx_word' id='word_1_181' title='bbox 263 2009 414 2054; x_wconf 83' lang='lat' dir='ltr'>pavor</span> <span class='ocrx_word' id='word_1_182' title='bbox 447 2009 497 2038; x_wconf 87' lang='lat' dir='ltr'>ac</span> <span class='ocrx_word' id='word_1_183' title='bbox 532 1990 774 2053; x_wconf 85' lang='lat' dir='ltr'>trepidatio</span> <span class='ocrx_word' id='word_1_184' title='bbox 803 1989 937 2051; x_wconf 86' lang='lat' dir='ltr'>cepit.</span> <span class='ocrx_word' id='word_1_185' title='bbox 971 1988 1162 2046; x_wconf 85' lang='lat' dir='ltr'>deinde,</span> <span class='ocrx_word' id='word_1_186' title='bbox 1186 1999 1235 2032; x_wconf 88' lang='lat' dir='ltr'>ut</span> <span class='ocrx_word' id='word_1_187' title='bbox 1263 1996 1424 2049; x_wconf 84' lang='lat' dir='ltr'>praeter</span> 
     </span>
     <span class='ocr_line' id='line_1_32' title="bbox 135 2058 1423 2125; baseline -0.008 -13"><span class='ocrx_word' id='word_1_188' title='bbox 135 2064 256 2125; x_wconf 78' lang='lat' dir='ltr'>spem</span> <span class='ocrx_word' id='word_1_189' title='bbox 276 2063 387 2111; x_wconf 88' lang='lat' dir='ltr'>stare</span> <span class='ocrx_word' id='word_1_190' title='bbox 408 2079 563 2110; x_wconf 83' lang='lat' dir='ltr'>muros</span> <span class='ocrx_word' id='word_1_191' title='bbox 589 2063 829 2120; x_wconf 84' lang='lat' dir='ltr'>viderunt,</span> <span class='ocrx_word' id='word_1_192' title='bbox 851 2061 1049 2108; x_wconf 60' lang='lat' dir='ltr'>collectis</span> <span class='ocrx_word' id='word_1_193' title='bbox 1067 2059 1216 2107; x_wconf 88' lang='lat' dir='ltr'>rursus</span> <span class='ocrx_word' id='word_1_194' title='bbox 1235 2058 1423 2113; x_wconf 85' lang='lat' dir='ltr'>animis,</span> 
     </span>
     <span class='ocr_line' id='line_1_33' title="bbox 134 2130 1424 2196; baseline -0.006 -12"><span class='ocrx_word' id='word_1_195' title='bbox 134 2137 180 2184; x_wconf 90' lang='lat' dir='ltr'>in</span> <span class='ocrx_word' id='word_1_196' title='bbox 211 2135 368 2183; x_wconf 87' lang='lat' dir='ltr'>arietes</span> <span class='ocrx_word' id='word_1_197' title='bbox 386 2135 698 2182; x_wconf 80' lang='lat' dir='ltr'>tollenonibus</span> <span class='ocrx_word' id='word_1_198' title='bbox 719 2134 980 2181; x_wconf 85' lang='lat' dir='ltr'>libramenta</span> <span class='ocrx_word' id='word_1_199' title='bbox 998 2133 1170 2196; x_wconf 86' lang='lat' dir='ltr'>plumbi</span> <span class='ocrx_word' id='word_1_200' title='bbox 1189 2144 1266 2178; x_wconf 88' lang='lat' dir='ltr'>aut</span> <span class='ocrx_word' id='word_1_201' title='bbox 1291 2130 1424 2177; x_wconf 87' lang='lat' dir='ltr'>saxo-</span> 
     </span>
     <span class='ocr_line' id='line_1_34' title="bbox 136 2204 1424 2272; baseline -0.005 -17"><span class='ocrx_word' id='word_1_202' title='bbox 136 2227 237 2255; x_wconf 83' lang='lat' dir='ltr'>rum</span> <span class='ocrx_word' id='word_1_203' title='bbox 267 2207 491 2272; x_wconf 82' lang='lat' dir='ltr'>stipitesve</span> <span class='ocrx_word' id='word_1_204' title='bbox 516 2207 729 2254; x_wconf 77' lang='lat' dir='ltr'>robustos</span> <span class='ocrx_word' id='word_1_205' title='bbox 759 2207 1068 2262; x_wconf 79' lang='lat' dir='ltr'>incutiebant3</span> <span class='ocrx_word' id='word_1_206' title='bbox 1101 2204 1424 2263; x_wconf 77' lang='lat' dir='ltr'>falces,anco-</span> 
     </span>
     <span class='ocr_line' id='line_1_35' title="bbox 137 2276 1423 2343; baseline -0.005 -16"><span class='ocrx_word' id='word_1_207' title='bbox 137 2281 195 2327; x_wconf 88' lang='lat' dir='ltr'>ris</span> <span class='ocrx_word' id='word_1_208' title='bbox 224 2280 377 2327; x_wconf 88' lang='lat' dir='ltr'>ferreis</span> <span class='ocrx_word' id='word_1_209' title='bbox 409 2280 579 2343; x_wconf 70' lang='lat' dir='ltr'>injeffls</span> <span class='ocrx_word' id='word_1_210' title='bbox 606 2279 653 2326; x_wconf 86' lang='lat' dir='ltr'>in</span> <span class='ocrx_word' id='word_1_211' title='bbox 688 2280 952 2326; x_wconf 82' lang='lat' dir='ltr'>interiorem</span> <span class='ocrx_word' id='word_1_212' title='bbox 987 2291 1159 2341; x_wconf 80' lang='lat' dir='ltr'>partem</span> <span class='ocrx_word' id='word_1_213' title='bbox 1186 2276 1304 2323; x_wconf 88' lang='lat' dir='ltr'>muri</span> <span class='ocrx_word' id='word_1_214' title='bbox 1335 2289 1423 2322; x_wconf 84' lang='lat' dir='ltr'>tra-</span> 
     </span>
     <span class='ocr_line' id='line_1_36' title="bbox 138 2348 1424 2417; baseline -0.005 -17"><span class='ocrx_word' id='word_1_215' title='bbox 138 2354 293 2400; x_wconf 87' lang='lat' dir='ltr'>hentes</span> <span class='ocrx_word' id='word_1_216' title='bbox 325 2355 506 2401; x_wconf 77' lang='lat' dir='ltr'>asserem</span> <span class='ocrx_word' id='word_1_217' title='bbox 525 2390 538 2413; x_wconf 86' lang='lat'>‚</span> <span class='ocrx_word' id='word_1_218' title='bbox 571 2352 950 2417; x_wconf 83' lang='lat' dir='ltr'>praefringebant:</span> <span class='ocrx_word' id='word_1_219' title='bbox 974 2351 1030 2398; x_wconf 88' lang='lat' dir='ltr'>ad</span> <span class='ocrx_word' id='word_1_220' title='bbox 1058 2351 1147 2398; x_wconf 91' lang='lat' dir='ltr'>hoc</span> <span class='ocrx_word' id='word_1_221' title='bbox 1174 2348 1424 2412; x_wconf 86' lang='lat' dir='ltr'>eruptioni-</span> 
     </span>
     <span class='ocr_line' id='line_1_37' title="bbox 139 2422 1425 2489; baseline -0.003 -16"><span class='ocrx_word' id='word_1_222' title='bbox 139 2427 220 2474; x_wconf 85' lang='lat' dir='ltr'>bus</span> <span class='ocrx_word' id='word_1_223' title='bbox 236 2463 251 2489; x_wconf 88' lang='lat'><strong><em>,</em></strong></span> <span class='ocrx_word' id='word_1_224' title='bbox 274 2429 324 2476; x_wconf 89' lang='lat'>&amp;</span> <span class='ocrx_word' id='word_1_225' title='bbox 343 2429 576 2476; x_wconf 59' lang='lat' dir='ltr'>nocturnis</span> <span class='ocrx_word' id='word_1_226' title='bbox 606 2426 652 2473; x_wconf 87' lang='lat' dir='ltr'>in</span> <span class='ocrx_word' id='word_1_227' title='bbox 683 2426 907 2475; x_wconf 79' lang='lat' dir='ltr'>custodias</span> <span class='ocrx_word' id='word_1_228' title='bbox 928 2441 1121 2488; x_wconf 83' lang='lat' dir='ltr'>operum</span> <span class='ocrx_word' id='word_1_229' title='bbox 1137 2459 1152 2484; x_wconf 85' lang='lat'>‚</span> <span class='ocrx_word' id='word_1_230' title='bbox 1183 2424 1234 2473; x_wconf 89' lang='lat'>&amp;</span> <span class='ocrx_word' id='word_1_231' title='bbox 1256 2422 1425 2470; x_wconf 83' lang='lat' dir='ltr'>diurnis</span> 
     </span>
    </p>
   </div>
  </div>
 </body>
</html>
