1618 2715
211 115 307 164 300
571 102 793 151 ΤΙΤΙ
861 107 1132 154 LIVII

209 209 390 257 Marcio
405 211 613 269 consule,
631 212 1056 262 senatusconsultum
1078 215 1241 263 fabium
1255 215 1338 275 est,
1362 220 1428 265 Ut
1442 222 1491 265 de

209 284 267 328 iis
282 314 297 337 ,
323 303 424 345 quos
441 305 521 346 pro
541 290 748 332 indicibus
770 289 954 348 consules
973 289 1224 353 habuzffimt,
1250 294 1407 352 integra
1431 309 1492 338 res

209 359 271 402 ad
275 357 470 416 senatum
491 358 718 417 referretur,
748 379 837 405 cum
864 364 936 421 Sp.
952 362 1183 425 Postumius
1207 364 1492 428 quaestionibus

202 430 419 500 perfectis,
445 432 625 478 Romam
653 432 820 497 rediffit.
859 433 1052 480 Minium
1075 435 1329 481 Cerrinium
1356 437 1492 482 Cam-

210 519 377 566 panum
398 506 589 553 Ardeam
621 507 667 554 in
696 508 878 556 vincula
908 508 1177 556 mittendum
1204 509 1492 568 censuerunt,

210 576 629 643 magistratibusque
657 581 916 627 Ardeatium
947 581 1280 644 praedicendum
1297 618 1312 639 ,
1342 593 1393 629 ut
1419 583 1492 628 in-

208 651 404 697 tentiore
431 668 532 715 eum
566 654 764 701 custodia
793 655 1096 711 asservarent3
1138 671 1232 702 non
1262 655 1403 702 solum
1435 673 1492 703 ne

209 723 448 787 effugeret,
476 726 548 772 sed
567 743 623 773 ne
643 727 801 775 mortis
823 727 1147 776 consciscendae
1179 729 1332 776 locum
1352 729 1489 776 habe-

209 810 290 855 tet.
319 800 394 862 Sp.
416 801 667 847 Postumius
685 801 914 865 aliquanto
940 801 1040 864 post
1056 804 1245 848 Romam
1265 802 1405 851 venit.
1432 819 1491 849 eo

210 872 432 920 referente
450 909 464 932 ‚
503 875 556 921 de
588 876 634 922 P.
653 875 821 922 AEbutii
844 877 894 924 ἃς
923 875 1115 938 Hispalae
1141 876 1340 923 Feceniae
1372 892 1492 938 prae-

208 946 304 992 mio
322 983 338 1003 ,
374 947 499 1010 quod
531 963 688 994 eorum
723 964 863 1010 opera
892 947 1086 995 indicata
1105 947 1396 996 Bacchanalia
1422 947 1493 994 es-

209 1017 335 1078 sent,
363 1020 796 1068 senatusconsultum
829 1020 989 1068 fastum
1016 1021 1106 1080 est,
1137 1026 1198 1068 Ut
1212 1023 1398 1087 fingulis
1426 1025 1494 1067 his

210 1110 376 1140 centena
404 1097 541 1140 millia
573 1098 663 1141 ceris
686 1095 891 1159 quaestores
908 1099 1059 1142 urbani
1081 1115 1134 1142 ex
1161 1100 1304 1143 aerario
1337 1100 1493 1142 darent.

216 1169 372 1227 Utique
397 1168 545 1227 consul
561 1185 651 1212 cum
679 1169 859 1213 tribunis
883 1170 1019 1228 plebis
1044 1185 1175 1230 ageret
1193 1203 1206 1226 ,
1243 1184 1288 1214 ut
1322 1172 1382 1214 ad
1399 1172 1495 1229 ple·

209 1242 296 1285 bern
309 1243 447 1300 primo
478 1260 632 1301 quoque
661 1259 834 1302 tempore
850 1242 1034 1299 ferrent,
1061 1259 1107 1287 ut
1123 1246 1174 1289 P.
1189 1246 1366 1290 AEbutio
1385 1261 1492 1304 eme-

211 1316 292 1360 rita
301 1314 515 1378 stipendia
547 1311 665 1376 efflent
682 1348 696 1371 ,
729 1334 778 1360 ne
813 1316 972 1360 invitus
1000 1317 1223 1373 militaret,
1241 1334 1337 1361 neve
1358 1314 1497 1375 censbr

210 1389 246 1432 ei
278 1405 419 1448 equum
442 1387 663 1446 publicum
690 1386 921 1450 affigrzaret.
958 1390 1113 1448 Utique
1140 1391 1315 1434 Feceniae
1333 1390 1495 1448 Hispa-

213 1462 261 1504 lce
280 1462 396 1504 datio
410 1491 423 1512 ,
445 1461 674 1504 deminutio
687 1493 701 1516 ,
729 1462 864 1520 gentis
884 1462 1076 1520 enuptio,
1101 1462 1248 1505 tutoris
1267 1463 1379 1520 optio
1400 1463 1496 1505 item

211 1530 330 1595 effet,
365 1531 484 1593 quasi
502 1535 538 1577 ei
565 1536 632 1578 vir
663 1534 892 1599 testamento
925 1532 1106 1596 dediſjet.
1140 1536 1292 1593 Utique
1323 1536 1358 1579 ei
1385 1535 1498 1595 inge-

212 1622 295 1648 nuo
322 1605 466 1648 nubere
495 1606 655 1649 liceret:
685 1620 764 1649 neu
792 1605 896 1663 quid
920 1605 984 1660 ei,
1014 1607 1084 1664 qui
1105 1622 1193 1649 eam
1213 1602 1415 1667 duxiffit,
1444 1606 1496 1649 oh
1520 1638 1535 1646 ,

211 1677 259 1720 id
266 1674 420 1732 fraudi
447 1676 735 1736 ignominiaeve
764 1673 864 1738 efflet.
901 1677 1055 1736 Utique
1079 1677 1261 1737 consules
1280 1677 1496 1737 praetores·-

212 1765 314 1807 que,
353 1750 424 1808 qui
454 1767 566 1793 nunc
597 1746 745 1811 effertt,
776 1751 891 1808 quive
916 1748 1055 1813 postea
1073 1749 1215 1807 futuri
1244 1747 1388 1811 efflent,
1423 1766 1499 1793 cu·

214 1839 376 1878 rarent,
407 1842 457 1869 ηε
491 1825 595 1882 quid
625 1825 660 1867 ei
688 1825 847 1868 mulieri
881 1823 1044 1878 injuriae
1065 1824 1210 1882 fieret,
1240 1825 1372 1882 utique
1408 1837 1497 1867 tuto

212 1893 313 1957 efflet.
350 1896 605 1955 idserzatum
626 1900 726 1941 velle
741 1930 755 1950 ‚
786 1893 828 1940 (ς’
849 1914 1008 1956 aequum
1032 1896 1207 1955 censere,
1239 1910 1284 1941 ut
1301 1894 1499 1953 itafieret.

212 1970 275 2014 Ea
297 1969 449 2015 omnia
475 1970 562 2016 lata
579 1969 633 2015 ad
654 1969 829 2032 plebem
845 2003 858 2024 ‚
882 1968 1082 2032 fafflaque
1105 1967 1204 2014 sunt
1228 1984 1285 2014 ex
1304 1966 1497 2014 senatus-

215 2041 448 2098 consulto,
468 2042 516 2088 δι
534 2041 587 2087 de
608 2053 861 2088 ceterorum
880 2041 1079 2088 indicum
1097 2040 1363 2104 impunitate
1382 2056 1498 2103 prae·

214 2114 399 2177 miisque
418 2114 680 2162 consulibus
697 2114 951 2177 permissum
973 2114 1050 2161 est.

277 2189 387 2236 XX.
419 2191 475 2235 Et
502 2187 590 2250 jam
609 2191 669 2249 Q.
694 2188 891 2235 Marcius
912 2224 926 2246 ,
957 2187 1278 2252 quaestionibus
1309 2185 1396 2231 suae
1424 2201 1497 2232 re-

214 2263 362 2326 gionis
393 2263 628 2327 perfectis,
661 2264 708 2310 in
738 2264 919 2327 Ligures
948 2261 1236 2326 provinciam
1271 2257 1497 2321 proficisci

216 2337 422 2397 parabat3
443 2337 584 2383 tribus
601 2336 798 2384 millibus
818 2336 1021 2399 peditum
1041 2337 1373 2388 Romanorum,
1392 2347 1500 2378 cen-

217 2422 313 2456 tum
341 2411 668 2475 quinquaginta
699 2410 954 2476 equitibus,
991 2410 1042 2457 &
1071 2406 1269 2472 quinque
1301 2402 1498 2452 millibus»
