1618 2715
245 133 790 183 H1sToR1ARuM
826 132 949 178 ιιΒ.
983 130 1187 179 xxxv,
1317 147 1368 197 ις

92 255 148 291 tae
176 260 256 305 per
284 243 510 290 sociorum
534 239 718 303 injurias
748 241 966 286 Romanae
988 238 1197 285 amicitiae
1215 273 1230 295 ‚
1256 254 1373 285 con-

92 317 294 381 jungeret
311 316 354 362 se
380 333 482 363 cum
501 314 750 361 Antiocho,
787 315 842 358 Et
866 311 1124 373 Philippum
1145 311 1376 358 Nicander

92 390 213 435 haud
244 388 436 435 diffimili
463 386 671 433 oratione
697 383 924 430 incitabat.
962 395 1055 428 erat
1080 380 1212 428 etiam
1232 381 1378 442 major

94 461 295 508 orationi
312 461 517 516 materia,
547 475 638 521 quo
658 473 714 503 ex
735 456 893 503 altiore
914 454 1086 517 fastigio
1114 470 1219 510 reX,
1238 471 1375 516 quam

93 547 342 598 tyrannus,
378 531 595 578 detrachis
625 542 745 584 erat,
781 543 963 591 quoque
1003 526 1153 588 plures
1188 525 1377 572 ademta:

93 621 177 651 res.
206 605 277 650 Ad
294 603 384 649 hoc
407 601 579 650 vetusta
598 617 751 664 regum
777 599 1061 645 Macedoniae
1084 596 1199 644 fama
1214 633 1226 655 ‚
1250 610 1376 661 pera·

94 676 329 739 gratusque
357 675 483 721 orbis
516 688 732 720 terrarum
767 671 968 719 vffloriis
998 669 1091 731 ejus
1126 671 1267 733 gentis
1302 687 1377 718 re-

93 748 332 795 ferebatur.
382 749 445 794 Et
471 764 603 793 tutum
628 749 694 791 vel
720 748 878 805 incepto
897 779 909 800 ,
939 749 1006 790 vel
1033 760 1175 789 eventu
1197 744 1247 803 fi:
1276 764 1376 790 con-

80 823 231 889 filium
252 821 404 885 qffirre.
439 839 539 865 nam
567 837 690 880 neque
707 854 720 874 ,
747 833 794 864 ut
826 834 920 862 ante
931 817 980 877 fi
1008 832 1172 861 moveat
1201 819 1374 877 Philip-

91 913 205 957 pus,
225 913 348 955 quam
373 895 610 939 Antiochus
635 910 726 936 cum
759 893 938 936 exercitu
964 889 1169 952 transterit
1193 891 1239 934 in
1256 890 1378 935 Grae-

95 972 202 1015 ciam
218 1003 232 1022 ‚
255 968 431 1028 suadere
440 985 461 1020 ;
480 963 522 1011 G*
541 999 554 1021 ‚
574 967 644 1025 qui
649 965 746 1028 stne
770 964 980 1008 Antiocho
998 961 1192 1021 adversus
1208 963 1378 1007 Roma-

95 1057 173 1085 nos
188 1038 426 1097 AEtolosque
453 1041 614 1080 tamdiu
622 1035 869 1099 sustinuerit
893 1036 1038 1078 bellum
1052 1068 1062 1085 ,
1092 1037 1127 1078 ei
1146 1069 1157 1089 ,
1179 1035 1376 1090 adjzcnflo

98 1110 344 1164 Antiocho,
370 1107 501 1166 sociis
528 1108 692 1152 AEtolis
712 1140 726 1162 ,
758 1108 828 1165 qui
857 1122 943 1150 tum
978 1109 1188 1166 graviores
1221 1110 1378 1173 hostes,

95 1199 220 1241 quam
241 1181 427 1224 Romani
443 1213 457 1234 ‚
474 1178 639 1236 fuerint
653 1213 666 1233 ‚
688 1180 833 1238 quibus
853 1182 1020 1223 tandem
1041 1181 1196 1224 viribus
1215 1181 1379 1245 refistere

97 1255 314 1299 Romanos
326 1250 441 1313 poffe
454 1254 479 1296 ἓ
509 1249 757 1312 Adjiciebat
774 1250 827 1296 de
847 1250 957 1297 duce
970 1251 1219 1297 Hannibale
1234 1287 1247 1308 ‚
1267 1266 1378 1300 nato

95 1324 306 1370 adversus
332 1323 566 1369 Romanos
606 1323 756 1378 hoste,
790 1324 869 1387 qui
899 1323 1052 1386 plures
1087 1326 1137 1372 &
1163 1325 1297 1372 duces
1328 1329 1378 1375 &

97 1397 261 1444 milites
291 1413 450 1442 eorum
482 1395 746 1455 occidisset,
784 1415 915 1460 quam
949 1411 1062 1460 quot
1096 1398 1380 1460 superessent.

98 1471 209 1517 Haec
242 1470 450 1531 Philippo
475 1470 714 1517 Nicander.
753 1471 851 1516 Alia
883 1471 1178 1518 Dicaearchus
1210 1473 1379 1518 Antio-

99 1543 214 1590 cho:
243 1544 293 1588 &
324 1543 526 1588 onmium
550 1543 743 1604 primum
758 1579 769 1599 ‚
796 1548 981 1604 praedam
1005 1549 1052 1590 de
1069 1548 1269 1606 Philippo
1290 1548 1377 1591 Ro-

98 1634 315 1661 manorum
340 1613 431 1676 esse,
463 1614 637 1672 dicere,
674 1616 887 1660 vifloriam
909 1619 1147 1662 AEtolorum
1163 1653 1178 1673 ‚
1208 1615 1251 1662 G*
1278 1621 1378 1663 adi-

99 1704 186 1733 tum
218 1690 262 1732 in
283 1688 484 1732 Graeciam
500 1691 705 1733 Romanis
725 1691 865 1733 nullos
893 1691 1023 1745 alios,
1042 1708 1164 1749 quam
1182 1694 1379 1746 AEtolos,

100 1757 276 1822 dedcffe;
294 1757 336 1804 δ’
353 1765 414 1804 ad
430 1763 674 1805 vincendum
698 1763 802 1805 vires
824 1761 981 1820 eosdem
995 1759 1222 1823 praebuiffiae.
1249 1761 1379 1807 dein-

102 1831 156 1878 de
188 1843 373 1894 quantas
413 1832 611 1894 peditum
642 1832 934 1895 equitumque
965 1833 1119 1895 copias
1151 1834 1380 1896 praebituri

101 1904 334 1951 Antiocho
364 1907 418 1951 ad
451 1907 616 1952 bellum
649 1906 813 1953 effent:
842 1924 941 1969 quae
971 1907 1072 1953 loca
1103 1909 1380 1955 terrestribus

104 1977 278 2039 copiis,
305 1995 420 2040 quos
453 1994 612 2041 portus
640 1981 889 2028 maritimis.
929 1983 1049 2027 Tum
1086 1983 1139 2028 de
1169 1983 1380 2047 Philippo

104 2049 154 2094 &
186 2049 360 2096 Nabide
397 2051 542 2097 libero
579 2054 817 2099 mendacio
855 2054 1146 2101 abutebatur:
1180 2074 1381 2117 paratum

103 2138 313 2182 utrumque
338 2128 398 2169 ad
418 2128 694 2173 rebellandum
712 2125 782 2190 effi}
795 2144 810 2173 ε
842 2125 883 2173 6¹
892 2132 1076 2188 primam
1095 2148 1293 2190 quamque
1309 2149 1380 2175 oc-

103 2194 302 2257 cafionem
343 2203 605 2257 recuperandi
639 2219 716 2255 ea,
758 2218 843 2260 quae
877 2202 981 2245 bello
1017 2200 1238 2265 amifiſjenc
1258 2237 1271 2257 ,
1309 2220 1380 2248 ar-

104 2285 298 2328 repturos.
329 2272 389 2316 Ira
411 2288 489 2332 per
508 2285 653 2317 totum
674 2272 803 2318 fimul
823 2273 980 2319 orbem
1003 2285 1223 2320 terrarum
1240 2275 1381 2322 AEtoli

103 2339 322 2389 Romanis
344 2345 633 2391 concitabant
661 2346 842 2394 bellum.
875 2363 1000 2411 reges
1025 2360 1172 2395 tamen
1191 2361 1265 2396 aut
1284 2365 1382 2395 non

107 2411 251 2470 moti,
274 2426 349 2461 aut
367 2415 533 2464 tardius
550 2416 666 2464 moti
682 2417 796 2466 sunt.
