1618 2715
200 114 269 170 90
573 106 1144 162 TITILIVII

254 212 361 260 XX.
375 211 578 260 Consule
590 231 670 277 per
683 214 927 264 Phocidem
940 220 988 266 ὃ(
999 220 1227 267 Boeotiam
1241 220 1492 270 exercitum

199 283 418 339 ducente,
453 285 650 334 consciae
683 288 947 337 defefflonis
982 291 1190 340 civitates
1224 311 1329 342 cum
1362 295 1493 342 vela-

199 360 364 407 mentis
380 372 482 408 ante
500 374 654 424 portas
668 362 861 423 stabant,
877 379 1000 415 metu
1021 383 1076 413 ne
1093 367 1313 415 hostiliter
1323 369 1491 432 diripe-

197 446 370 481 rentur.
397 446 597 482 ceterum
624 452 704 499 per
730 453 889 484 omnes
913 438 1004 484 dies
1031 439 1149 486 haud
1177 439 1326 498 secus,
1357 457 1491 504 quam

199 503 249 551 in
282 517 443 568 pacato
479 523 620 571 agro,
649 509 739 557 fine
772 510 1025 567 violatione
1066 511 1199 559 ullius
1232 514 1296 559 rei
1331 529 1490 576 agmen

198 581 437 644 proceffit‚
456 582 605 630 donec
636 583 684 631 in
705 601 861 648 agrum
892 584 1171 631 Coronaeum
1201 598 1390 633 ventum
1410 585 1491 631 est.

198 654 266 702 lbi
286 655 424 702 statua
443 656 556 720 regis
576 658 825 716 Antiochi,
850 658 994 722 posita
1015 659 1061 704 in
1078 659 1248 722 templo
1266 660 1490 707 Minervae

196 728 384 787 honiae,
415 728 527 776 iram
563 731 809 779 accendit:
842 730 1191 795 permissumque
1225 732 1359 779 militi
1394 731 1488 789 est,

197 799 608 862 utcircumje81um
640 803 811 866 templo
842 820 998 867 agrum
1024 805 1330 868 popularetur.
1359 805 1490 851 dein-

197 874 255 920 de
291 875 514 937 cogitatio
549 876 749 924 animum
788 876 951 935 subiit,
993 895 1096 925 cum
1143 878 1376 925 communi
1405 878 1488 925 de-

195 960 325 996 creto
345 949 615 998 Boeotorum
636 950 781 1013 posita
802 951 906 998 effet
934 950 1074 998 statua
1090 988 1103 1009 ,
1123 951 1358 1016 indignum
1380 953 1491 1009 effe,

191 1019 242 1069 in
264 1038 407 1069 unum
433 1024 747 1070 Coronensem
766 1040 920 1087 agrum
944 1023 1113 1071 saevire.
1142 1025 1382 1073 Revocato
1403 1041 1487 1071 ex-

194 1094 368 1158 templo
390 1096 530 1144 milite
547 1132 563 1156 ‚
584 1095 684 1145 finis
715 1097 968 1160 populandi
987 1097 1124 1144 factus
1144 1116 1155 1144 ε
1173 1097 1370 1162 castigati
1388 1111 1489 1145 tan-

194 1181 293 1216 tum
329 1170 483 1217 verbis
516 1172 668 1219 Boeoti
702 1172 764 1218 ob
801 1171 1026 1235 ingratum
1057 1171 1103 1217 in
1141 1173 1273 1218 tantis
1308 1185 1488 1236 tamque

195 1243 452 1292 recentibus
475 1243 705 1292 beneficiis
725 1244 927 1290 animum
951 1261 1055 1307 erga
1085 1244 1336 1294 Romanos.
1370 1249 1489 1291 Inter

192 1316 340 1379 ipsum
367 1335 529 1380 pugnae
551 1331 727 1379 tempus
751 1318 907 1364 decem
932 1333 1073 1364 naves
1094 1317 1223 1380 regiae
1245 1335 1348 1367 cum
1369 1321 1490 1380 prae,-

193 1389 314 1437 fecto
336 1390 510 1439 Isidoro
530 1390 586 1436 ad
605 1390 866 1437 Thronium
893 1390 939 1436 in
962 1389 1057 1435 sinu
1078 1389 1276 1436 Maliaco
1299 1390 1489 1439 stabant.

193 1479 254 1510 eo
285 1463 437 1527 gravis
467 1462 734 1511 vulneribus
761 1462 1019 1509 Alexander
1050 1466 1282 1521 Acarnan,
1304 1463 1493 1510 nuntius.

193 1534 394 1582 adversae
420 1550 610 1597 pugnae,
636 1552 738 1581 cum
765 1533 1044 1596 perfugisset,
1069 1534 1255 1596 trepidae
1282 1535 1386 1580 inde
1412 1552 1487 1581 re-

194 1607 318 1654 centi
341 1618 514 1654 terrore
533 1624 672 1654 naves
693 1608 915 1654 Cenaeum
942 1606 1132 1652 Euboeae
1153 1606 1389 1668 petierunt.
1421 1608 1485 1656 ibi

193 1693 403 1728 mortuus
428 1679 714 1745 sepultusque
735 1680 1002 1726 Alexander.
1025 1679 1136 1724 Tres
1152 1715 1166 1736 ‚
1187 1695 1290 1741 quae
1310 1696 1366 1726 ex
1382 1681 1489 1728 Asia

191 1751 408 1816 profeciae
429 1753 620 1799 eundem
642 1766 827 1814 portum
848 1761 1115 1808 tenuerant,
1141 1766 1281 1796 naves
1295 1786 1309 1807 ,
1335 1752 1485 1799 audita

192 1825 420 1873 exercitus
442 1826 565 1873 clade
577 1862 594 1884 ,
614 1823 836 1888 Ephesum
858 1823 1103 1870 redierunt.
1120 1822 1311 1869 Isidorus
1328 1824 1384 1869 ab
1397 1825 1486 1872 Ce-

192 1916 299 1947 naeo
335 1899 704 1957 Demetriadem,
735 1900 768 1946 fi
802 1898 922 1946 forte
954 1914 1011 1944 eo
1042 1896 1235 1944 deferret
1269 1896 1376 1961 fuga
1411 1916 1488 1947 re-x

191 1988 322 2034 gem,
351 1968 539 2030 traiecit.
573 1971 657 2016 Per
687 1968 869 2017 eosdem
900 1970 993 2017 dies
1024 1972 1079 2016 A.
1104 1968 1294 2028 Atilius,
1324 1973 1488 2033 praefe-

193 2045 290 2091 &us
317 2044 536 2091 Romanae
567 2041 738 2100 claffis,
773 2059 965 2105 magnos
991 2042 1141 2105 regios
1172 2058 1448 2092 commeatus
1467 2082 1487 2104 ,

191 2117 284 2182 jam
315 2117 503 2176 fretum,
522 2117 648 2179 quod
671 2117 728 2164 ad
746 2118 952 2163 Andrum
985 2116 1174 2164 insulam
1193 2117 1253 2164 est
1268 2155 1282 2175 ,
1304 2132 1482 2182 praeter-

195 2192 381 2250 vectos,
416 2192 594 2254 excepit
624 2209 636 2238 ε
674 2190 781 2237 alias
815 2190 989 2248 mersit,
1028 2191 1133 2238 alias
1169 2192 1293 2255 cepit
1327 2209 1484 2242 naves,

195 2279 298 2324 quae
331 2263 587 2311 novissimae
624 2261 812 2325 agminis
848 2274 1002 2319 erant,
1035 2261 1210 2308 cursum
1251 2262 1301 2308 in
1335 2264 1483 2312 Asiam

196 2346 450 2382 verterunt.
479 2336 641 2384 Atilius
674 2337 919 2392 Piraeeum,
949 2337 1070 2383 unde
1099 2335 1324 2398 profectus
1357 2349 1488 2395 erat,

194 2422 302 2456 cum
319 2407 494 2474 agmine
513 2409 797 2475 captivarum
821 2411 1005 2462 navium
1028 2411 1254 2471 revthuS,
1275 2427 1487 2477 magnam
