1618 2715
243 125 799 175 HlSTORIARUM
833 124 956 170 LIB.
990 123 1233 172 XXXVH.
1307 140 1388 189 123

115 233 397 297 trajicerent,
419 238 562 282 omn-ia
582 236 773 296 perculsa
800 252 907 281 metu
934 252 1020 280 non
1042 237 1087 280 in
1105 235 1214 298 Asta
1241 240 1395 291 modo,

100 311 186 370 fid
203 314 324 356 etiam
346 313 391 356 in
411 314 542 371 Syria
555 345 569 366 ,
590 308 686 373 effi;
707 312 813 371 reges
831 313 1014 371 AEgypti
1036 312 1097 354 ad
1113 328 1181 362 ea,
1202 328 1284 369 quae
1304 328 1396 353 cen·-

101 381 247 446 susskc
271 384 476 443 finatus,
505 400 679 443 paratos
698 382 806 441 fore.
843 382 1011 428 Gratiae
1047 381 1224 443 regibus
1259 381 1394 426 aetae:

112 453 266 513 legatis
303 471 487 500 munera
519 454 615 501 dari
648 454 779 517 juss'a,
815 455 862 501 in
896 453 1092 517 singulos
1128 465 1396 515 quaternum

111 524 301 571 millium
337 527 450 574 aeris.

176 602 254 646 IV.
287 602 337 646 L.
373 600 618 648 Cornelius
651 599 835 658 consul,
863 597 1074 662 peractis,
1102 614 1202 660 quae
1236 598 1396 642 Romae

111 673 281 735 agenda
303 686 449 731 erant,
470 690 554 735 pro
577 673 803 720 concione
826 670 991 727 edixit,
1013 681 1062 714 ut
1079 668 1264 725 milites,
1279 682 1397 729 quos

110 743 204 807 ipse
229 745 274 790 in
301 745 661 808 supplementum
690 743 940 806 scripsisset,
961 742 1126 804 quique
1147 742 1190 786 in
1214 738 1397 786 Bruttiis

111 834 215 864 cum
243 820 298 866 A.
331 820 551 865 Cornelio
584 831 864 882 propraetore
889 816 1052 871 eisent,
1084 828 1133 860 ut
1159 813 1207 859 hi
1237 828 1397 858 omnes

109 891 261 938 Idibus
285 893 593 952 Quinctilibus
624 891 903 938 Brunclifium
939 888 1256 935 convenirent.
1287 890 1396 931 ltem

109 976 199 1011 tres
218 964 384 1026 legatos
404 963 676 1019 nominavit,
695 967 797 1007 Sex.
814 960 1059 1023 Digitium,
1072 960 1120 1003 L.
1144 956 1397 1019 Apustium,

109 1039 161 1084 C.
188 1037 438 1084 Fabricium
461 1036 726 1091 Luscinum,
746 1035 823 1098 qui
844 1051 898 1079 ex
922 1049 1002 1078 ora
1023 1029 1243 1077 maritima
1263 1029 1396 1074 undi-

107 1125 196 1172 que
227 1126 366 1156 naves
397 1108 678 1155 Brundisium
708 1105 1057 1154 contraherent:
1080 1105 1155 1155 ἃς,
1184 1100 1397 1147 omnibus

107 1181 197 1245 jam
235 1182 422 1244 paratis,
453 1181 686 1244 paludatus
722 1180 776 1226 ab
814 1179 923 1224 urbe
961 1176 1020 1222 est
1052 1175 1292 1238 profefilus.
1327 1173 1398 1220 Ad

108 1255 309 1318 quinque
341 1254 478 1301 millia
501 1252 870 1301 voluntariorum
896 1268 960 1298 ex.
983 1248 1202 1296 Romanis
1239 1245 1397 1293 sociis-

109 1345 196 1391 que
213 1364 228 1383 ,
252 1327 328 1389 qui
350 1325 533 1373 emerita
554 1324 768 1387 stipendia
795 1323 876 1370 sub
897 1323 1168 1385 imperatore
1195 1321 1241 1367 P.
1271 1319 1397 1366 Afri-

108 1417 225 1448 cano
260 1400 509 1456 habebant,
537 1398 698 1461 praesto
735 1397 860 1443 fuere
895 1394 1076 1442 exeunti
1109 1393 1315 1450 consuli,
1347 1395 1398 1440 &

108 1472 293 1519 nomina
315 1472 541 1518 dederunt.
564 1472 644 1516 Per
666 1485 744 1515 cos
766 1468 882 1525 dies,
905 1467 1065 1531 quibus
1088 1466 1149 1512 est
1168 1465 1398 1528 profectus

109 1546 166 1592 ad
198 1546 366 1592 bellum
395 1544 581 1602 consul,
609 1543 724 1589 ludis
753 1541 1117 1604 Apollinaribus,
1146 1553 1248 1585 ante
1279 1539 1400 1584 diem·

107 1618 313 1682 quintum
336 1618 433 1663 Idus
456 1615 708 1676 Quinc‘iiles
723 1650 735 1672 ,
758 1614 881 1661 coelo
906 1613 1063 1660 screno
1092 1611 1286 1657 interdiu
1308 1611 1395 1656 ob-

107 1692 278 1738 scurata
299 1691 377 1737 lux
400 1690 488 1747 est,
519 1705 619 1736 cum
636 1688 753 1749 ¹luna
775 1686 854 1732 sub
885 1686 1042 1732 orbem
1073 1685 1178 1731 solis
1206 1683 1395 1731 subisset.

108 1767 163 1812 Et
179 1767 227 1812 L.
246 1763 452 1811 AEmilius
471 1762 670 1826 Regillus
689 1797 702 1820 ‚
739 1760 813 1807 cui
832 1759 1006 1806 navalis
1026 1755 1264 1821 provincia
1286 1774 1395 1805 eve-

108 1849 255 1895 nerat,
277 1837 435 1884 eodem
455 1848 659 1898 tempore
677 1834 906 1897 profectus
925 1833 1000 1880 est.
1017 1836 1065 1880 L.
1083 1833 1394 1895 Aurunculejo

109 1912 340 1974 negotium
363 1911 416 1958 ab
438 1910 589 1957 senatu
615 1910 765 1956 datum
788 1909 850 1955 est
866 1945 878 1966 ,
905 1921 954 1954 ut
971 1908 1151 1971 triginta
1172 1907 1396 1971 quinque-

107 1999 277 2041 remes,
310 1983 472 2046 viginti
510 1983 712 2029 triremes
747 1981 939 2035 facerem
975 1981 1080 2044 quia
1117 1979 1233 2026 fama
1265 1992 1359 2025 erat
1379 2016 1392 2038 ,

107 2055 391 2103 Antiochum
412 2056 512 2119 post
542 2056 759 2119 proelium
789 2055 949 2102 navale
974 2054 1188 2116 majorem
1218 2053 1391 2100 classem

108 2127 342 2191 aliquanto
372 2145 585 2191 reparare.
617 2126 785 2184 AEtoli,
806 2129 1036 2191 postquam
1061 2127 1192 2191 legati
1219 2127 1273 2172 ab
1293 2127 1392 2171 Ro-

106 2218 179 2246 ma
208 2201 478 2259 retulerunt,
501 2201 670 2247 nullam
702 2201 821 2264 spem
851 2201 970 2264 pacis
991 2201 1099 2257 effe,
1132 2216 1390 2263 quanquam

108 2272 258 2318 omnis
282 2290 361 2320 ora
380 2273 600 2320 maritima
626 2289 781 2319 eorum
803 2310 815 2329 ,
838 2268 937 2336 quae
957 2273 1003 2319 in
1028 2271 1390 2334 Peloponnesum

107 2344 236 2390 versa
262 2345 347 2403 est,
372 2346 643 2409 depopulata
666 2347 720 2392 ab
746 2346 923 2392 Achaeis>
947 2358 1037 2392 erat
1054 2383 1066 2402 ‚
1091 2344 1272 2407 periculi
1299 2361 1389 2389 ma-

106 2416 199 2481 gis,
219 2435 352 2482 quam
382 2419 563 2476 damni,
589 2436 810 2466 memores
825 2456 840 2479 ,
858 2433 906 2466 ut
930 2419 1148 2466 Romanis
1171 2418 1388 2465 interclu—
