1618 2715
251 138 306 185 16
611 139 832 186 TITI
900 142 1172 188 LIVII

312 246 433 292 XIII.
467 245 603 292 Nabis
630 246 860 304 extemplo
890 246 1009 294 circa
1040 263 1198 294 omnes
1227 246 1358 294 vicos
1392 247 1524 294 mari-

246 317 384 365 timos
421 318 612 376 dimisit,
647 320 701 365 ad
730 319 967 365 seditiones
999 321 1045 366 in
1077 320 1129 367 iis
1162 319 1438 367 miscendas:
1478 321 1528 368 δέ

245 391 357 438 alios
389 391 643 453 principum
677 392 808 438 donis
837 394 891 440 ad
928 393 1047 440 suam
1081 393 1252 440 causam
1282 393 1525 455 perduxit,

246 464 358 510 alios
397 464 682 526 pertinaciter
717 465 760 511 in
800 465 1012 512 societate
1048 467 1256 514 Romana
1295 479 1524 513 manentes

246 534 431 581 occidit.
478 536 651 584 Achaeis
691 537 896 583 omnium
932 538 1261 585 maritimorum
1295 541 1526 585 Laconum

246 611 518 655 tuendorum
543 627 566 655 a
581 612 634 657 T.
655 610 874 669 Quinffio
899 627 1004 657 cura
1021 612 1227 658 mandata
1245 624 1352 658 erat.
1375 612 1525 674 itaque

246 682 472 743 extemplo
505 684 555 730 &
590 682 645 728 ad
680 695 926 745 tyrannum
968 684 1139 747 legatos
1172 684 1416 743 miserunt,
1446 683 1526 747 qui
1591 696 1596 701 ”

244 756 542 802 admonerent
573 754 755 802 foederis
791 773 891 802 eum
927 757 1152 816 Romani,
1185 758 1524 804 denuntiarent-

245 846 360 893 que,
395 846 450 874 ne
477 845 661 889 pacem,
695 846 829 892 quam
861 841 1099 893 tantopere
1130 831 1328 892 petisset,
1368 829 1523 876 turba-

244 913 342 948 ret:
381 902 430 948 &
460 900 623 947 auxilia
645 901 698 947 ad
723 902 979 965 Gythium,
1014 903 1138 966 quod
1170 900 1257 962 jam
1289 918 1526 964 oppugna·

246 973 376 1019 batur
405 991 428 1019 a
452 985 676 1036 tyranno,
712 974 762 1019 δε
793 974 982 1020 Romam
1003 1010 1015 1031 ,
1050 973 1127 1038 qui
1156 991 1206 1020 ea
1236 973 1490 1019 nuntiarent
1509 1006 1527 1030 ‚

245 1046 416 1110 legatos
435 1045 662 1093 miserunt.
701 1044 956 1092 Antiochus
977 1061 1055 1090 rex
1070 1079 1083 1102 ‚
1104 1061 1153 1090 ea
1170 1043 1319 1090 hieme
1336 1042 1525 1104 Raphiae

243 1117 293 1167 in
315 1118 530 1165 Phoenice
557 1118 803 1164 Ptolemaeo
837 1117 928 1180 regi
951 1117 1139 1180 AEgypti
1171 1115 1261 1162 filia
1290 1116 1337 1161 in
1369 1115 1524 1162 matri-

241 1181 453 1237 monium
476 1190 600 1247 data,
637 1207 739 1237 cum
760 1189 1050 1237 Antiochiam
1082 1188 1123 1235 se
1149 1187 1379 1250 recepisset
1397 1223 1410 1245 ,
1444 1203 1523 1249 per

244 1261 449 1309 Ciliciam
465 1298 476 1319 ,
494 1263 647 1309 Tauro
667 1276 821 1308 monte
846 1261 1078 1324 superato,
1099 1254 1302 1307 extremo
1319 1259 1409 1322 jam
1426 1259 1522 1305 hie-

245 1336 330 1384 mis
351 1334 571 1398 Ephesum
598 1335 828 1397 pervenit:
861 1335 963 1381 inde
992 1334 1218 1398 principio
1250 1335 1364 1392 veris
1384 1332 1409 1391 ,'
1427 1335 1525 1380 An-

233 1408 406 1455 tiocho
432 1407 528 1454 filio
555 1408 684 1454 miffo
712 1407 758 1453 in
780 1408 956 1472 Syriam
990 1408 1045 1454 ad
1070 1407 1316 1455 custod-iam
1344 1406 1523 1453 ultima-

246 1497 344 1526 rum
369 1478 561 1542 partium
589 1478 741 1541 regni,
768 1496 823 1525 ne
854 1479 993 1541 quid,
1026 1478 1201 1525 absente
1223 1478 1291 1536 se,
1313 1478 1368 1524 ab
1394 1490 1522 1540 tergo

246 1565 539 1608 moveretur,
570 1549 659 1612 ipse
691 1566 793 1595 cum
825 1549 1034 1596 omnibus
1068 1549 1342 1597 terrestribus
1377 1549 1522 1611 copiis

247 1626 304 1672 ad
323 1625 509 1682 Pisidas,
540 1623 618 1686 qui
647 1624 765 1670 circa
797 1624 943 1671 Sidam
978 1624 1215 1680 incolunt,
1250 1641 1521 1686 oppugnan-

247 1695 330 1742 dos
370 1695 431 1741 est
463 1695 705 1758 profectus.
748 1698 816 1741 Eo
847 1708 1051 1757 tempore
1084 1696 1214 1758 legati
1251 1695 1446 1742 Romani
1474 1696 1521 1742 P.

246 1768 472 1831 Sulpicius
498 1770 547 1815 &
578 1769 624 1815 Ρ.
649 1768 810 1814 Villius
829 1804 842 1826 ‚
875 1769 952 1831 qui
987 1769 1042 1814 ad
1071 1768 1351 1817 Antiochum
1384 1766 1523 1832 (ficut

247 1854 351 1888 ante
376 1841 538 1887 dictum
567 1839 662 1904 est)
689 1840 801 1886 miffi
827 1854 978 1896 erant,
1011 1841 1107 1901 jussi
1138 1841 1258 1904 prius
1278 1842 1521 1887 Eumenem

247 1914 397 1973 adire,
428 1914 591 1960 Elaeam
618 1930 813 1970 venere3
846 1913 949 1959 inde
988 1914 1243 1976 Pergamum
1282 1912 1371 1972 (ibi
1403 1912 1524 1974 regia

249 1987 461 2035 Eumenis
487 1984 603 2050 fuit)
627 1985 929 2034 escenderunt.
960 1987 1165 2049 Cupidus
1185 1985 1290 2031 belli
1311 1983 1522 2032 adversus

247 2060 530 2109 Antiochum
564 2063 781 2106 Eumenes
810 2076 906 2106 erat
925 2096 938 2117 ‚
966 2061 1174 2124 gravem,
1206 2059 1237 2105 fi
1268 2076 1354 2121 pax
1385 2057 1488 2104 effet
1508 2092 1522 2114 ‚

249 2135 452 2182 accolam
484 2147 611 2181 tanto
640 2126 946 2196 potentiorem
982 2151 1129 2197 regem
1162 2133 1378 2187 credens;
1409 2148 1523 2177 eun-

249 2209 349 2255 dem
367 2245 381 2267 ,
400 2208 431 2254 si
454 2221 627 2254 motum
647 2208 810 2254 bellum
832 2208 962 2266 esset,
987 2224 1080 2253 non
1102 2207 1238 2270 magis
1259 2222 1406 2268 parem
1430 2206 1524 2250 Ro·
1592 2262 1593 2269 ἵ

249 2281 393 2351 manis
427 2281 548 2340 fore,
577 2298 710 2343 quam
731 2280 960 2343 Philippus
989 2280 1162 2327 fuisset:
1191 2282 1239 2327 &
1267 2290 1342 2325 aut
1368 2277 1522 2325 fundi·
1589 2298 1592 2328 ε

251 2370 321 2402 tus
342 2355 559 2401 sublatum
592 2354 672 2399 iri:
702 2366 800 2410 aut,
830 2353 861 2398 fi
890 2371 974 2416 pax
996 2354 1119 2400 viclo
1144 2354 1346 2410 daretur,
1382 2352 1521 2398 multa

252 2427 319 2475 illi
345 2429 535 2476 detracta
554 2428 632 2475 fibi
652 2427 894 2475 acceffura:
928 2439 976 2474 ut
1002 2426 1126 2475 facile
1147 2426 1307 2474 deinde
1329 2425 1371 2474 se
1393 2426 1447 2472 ab
1468 2440 1524 2473 eo
1583 2471 1584 2474 ,
