1618 2715
283 146 823 195 HISTORIARUM
857 145 981 193 LIB.
1015 144 1222 194 XXXV.
1368 163 1399 211 9

123 254 324 304 tribunus
349 256 488 319 plebis
507 273 563 303 ex
583 254 846 303 aucloritate
870 257 1047 302 Parrum
1066 254 1241 318 plebem
1263 271 1399 319 rogan

125 332 192 379 vit
207 369 221 389 ,
251 331 487 395 plebesque
509 330 642 378 scivit
658 367 671 386 ‚
695 343 744 377 ut
764 347 868 377 cum
891 328 1023 377 sociis
1041 346 1091 376 ac
1113 328 1298 375 nomine
1317 332 1400 375 La·-

125 404 224 450 tino
248 404 450 466 pecuniae
471 403 649 450 creditae
678 401 746 463 jus
766 402 882 448 idem
901 436 914 457 ‚
936 400 1062 464 quod
1091 417 1191 446 cum
1222 399 1399 446 civibus

126 477 340 524 Romanis
354 514 368 535 ,
386 477 501 523 effer.
530 478 637 523 Haec
664 476 710 523 in
731 476 853 522 Italia
871 475 995 522 domi
1014 474 1271 538 militiaeque
1292 475 1400 520 acla.

62 608 79 614 ἱ
126 553 175 596 In
195 550 404 613 Hispania
431 567 711 614 nequaquam
736 563 908 596 tantum
935 548 1039 595 belli
1057 547 1165 605 fuit,
1183 559 1401 610 quantum

126 636 306 671 auxerat
343 624 473 671 fama.
513 625 565 671 C.
596 623 837 669 Flaminius
872 624 917 668 in
953 622 1152 668 citeriori
1190 621 1401 683 Hispania

123 696 340 758 oppidum
370 697 551 743 Iluciam
584 696 629 741 in
659 695 870 741 Oretanis
894 695 1011 757 cepit
1033 711 1043 740 :
1071 693 1230 739 deinde
1257 694 1304 739 in
1330 693 1402 739 hi·-

124 766 260 813 berna
281 767 443 814 milites
473 767 672 813 deduxit.
715 769 765 813 ὅ(
795 783 872 828 per
904 767 1095 812 hiemem
1129 765 1290 827 proelia
1318 765 1402 811 ali-

125 852 270 902 quot,
306 840 428 886 nulla
462 839 679 886 memoria
723 839 878 901 digna,
915 837 1127 885 adversus
1175 838 1403 883 latronum

123 911 292 974 magis,
323 930 454 976 quam
484 911 676 957 hostium
696 947 708 967 ,
739 911 1026 957 excursiones
1047 946 1060 966 ‚
1091 909 1222 955 vario
1254 922 1403 956 tamen

125 996 316 1042 eventu,
337 1002 420 1031 nec
440 984 528 1030 fine
549 983 740 1029 militum
767 982 930 1043 jaCtura
946 1019 959 1039 ,
983 983 1081 1029 sunt
1106 982 1231 1027 facia.
1252 981 1404 1041 Majo-

126 1074 194 1104 res
217 1074 284 1104 res
316 1058 445 1121 gestae
470 1074 491 1103 a
516 1059 578 1103 M.
608 1056 787 1103 Fulvio.
824 1059 860 1103 Is
882 1056 1001 1118 apud
1020 1055 1234 1101 Toletum
1265 1053 1404 1117 oppi-

125 1129 228 1174 dum
257 1147 357 1176 cum
387 1130 585 1176 Vaccaeis
620 1130 982 1192 Vettonibusque
1009 1130 1059 1176 ὃ(
1086 1128 1321 1174 Celtiberis
1349 1127 1405 1173 fi-

123 1202 223 1265 gnis
251 1201 423 1250 collatis
451 1202 685 1249 dimicavit
705 1222 714 1248 :
736 1202 1004 1259 exercitum„
1017 1217 1167 1247 earum
1199 1200 1402 1264 gentium

126 1274 240 1321 fudit
257 1275 521 1339 fugavitque
541 1293 551 1321 :
571 1292 717 1340 regem
739 1276 990 1322 Hilermum
1012 1275 1173 1322 vivum
1192 1274 1325 1337 cepit.

190 1350 305 1395 VIII.
335 1350 453 1395 Cum
479 1349 574 1395 haec
601 1350 646 1396 in
684 1349 895 1412 Hispania
931 1350 1222 1413 gerebantur,
1254 1346 1402 1394 comi-

125 1420 293 1467 tiorum
315 1419 402 1481 jam
422 1421 659 1483 appetebat
677 1422 780 1469 dies.
800 1423 945 1484 itaque
963 1424 1010 1467 L.
1027 1420 1270 1467 Cornelius
1289 1435 1403 1467 con-

125 1492 213 1550 sul,
233 1493 389 1540 relifto
420 1494 474 1539 ad
504 1494 752 1539 exercitum
786 1496 850 1538 M.
876 1494 1069 1539 Claudio
1102 1494 1275 1555 legato,
1306 1492 1405 1535 Ro-

126 1582 243 1611 mam
269 1565 409 1613 venit.
435 1568 472 1612 Is
498 1565 544 1612 in
569 1565 722 1612 senatu
748 1581 847 1611 cum
877 1566 931 1610 de
960 1566 1091 1610 rebus
1120 1565 1174 1610 ab
1206 1564 1246 1610 se
1276 1563 1405 1626 gestis

109 1636 404 1693 -differuiffet,
421 1652 604 1699 quoque
623 1636 666 1680 in
687 1636 798 1682 statu
820 1637 1061 1698 provincia
1082 1636 1207 1689 effer3
1224 1635 1405 1696 questus

126 1710 186 1756 est
203 1729 302 1758 cum
325 1710 524 1756 Patribus
546 1709 834 1771 conscriptis,
851 1710 1001 1772 quod,
1019 1722 1147 1755 tanto
1172 1708 1292 1754 bello
1315 1725 1407 1755 una

126 1782 312 1829 secunda
333 1798 481 1844 pugna
506 1793 595 1826 tam
618 1780 809 1827 feliciter
831 1779 1059 1842 perfecto,
1088 1796 1182 1825 non
1207 1779 1309 1825 esset
1330 1780 1406 1825 ha-

128 1856 246 1901 bitus
269 1854 372 1901 Diis
394 1852 721 1900 immortalibus
744 1853 908 1899 honos,
941 1852 1191 1899 Postulavit
1219 1852 1405 1910 deinde,

126 1939 175 1973 ut
213 1925 584 1988 supplicationem
619 1924 748 1971 simul
783 1924 1153 1988 triumphumque
1190 1925 1406 1971 decerne-

126 2011 240 2044 rent.
273 1999 397 2044 Prius
417 2010 565 2044 tamen
582 2032 597 2055 ,
617 2014 750 2059 quam
783 1996 943 2042 relatio
973 1994 1124 2053 fieret,
1146 1997 1207 2056 Q.
1240 1997 1407 2042 Metel-

128 2070 226 2126 lus,
256 2071 333 2133 qui
368 2069 525 2117 consul
562 2069 840 2132 diclatorque
874 2067 1040 2125 fuerat,
1075 2072 1235 2114 Liceras
1269 2073 1406 2115 eodem

127 2160 325 2205 tempore,
347 2142 487 2199 dixit,
518 2141 560 2189 δ’
579 2142 758 2201 consulis
777 2145 827 2188 L.
852 2142 1032 2188 Cornelii
1052 2145 1112 2187 ad
1120 2142 1315 2202 senatum
1331 2177 1345 2198 ,
1363 2140 1408 2188 ὃ*

129 2222 191 2266 Μ.
224 2222 417 2265 Marcelli
450 2221 510 2264 ad
536 2236 735 2280 magnam
767 2234 927 2278 partem
961 2219 1218 2275 senatorum,
1250 2220 1406 2262 allatas

129 2290 223 2355 ‘ff’
245 2295 350 2338 inter
368 2293 417 2352 fi
434 2307 671 2353 pugnantes
695 2308 711 2336 :
740 2310 858 2351 eoque
885 2294 1063 2336 dilatam
1094 2289 1164 2354 effe
1195 2292 1407 2352 consulta·

128 2367 278 2409 tionem
294 2399 309 2420 ‚
327 2381 374 2410 ut
391 2366 659 2425 praestantibus
678 2364 909 2409 aufforibus
931 2383 1068 2410 earum
1088 2367 1293 2410 literarum
1315 2365 1405 2424 dis-

128 2453 358 2497 captaretur.
381 2441 525 2500 Itaque
553 2436 794 2502 exspeblaffl
807 2439 923 2500 fise,
944 2455 991 2485 ut
1009 2439 1178 2501 consul,
1203 2438 1408 2499 quiscirec
