1618 2715
202 104 298 162 406
573 102 1132 151 T1T1L1v11

203 213 271 261 M.
316 209 480 256 Fulvio
519 208 560 255 se
595 221 722 255 certo
760 207 996 255 consulatu
1030 209 1261 270 dejeClum.
1309 208 1497 255 Fulvius

203 298 366 335 contra
386 282 535 346 queri,
554 280 594 326 se
614 282 673 327 ab
691 298 748 328 eo
768 279 940 343 semper
961 281 1230 338 lacessitum,
1252 282 1301 328 ὃς
1319 280 1365 326 in
1388 299 1494 343 pro-

203 357 334 402 brum
357 355 488 402 suum.
515 354 803 416 sponsionem
825 352 997 399 factam.
1033 366 1181 399 tamen
1208 354 1343 399 ambo
1364 354 1497 416 signi-

206 429 341 476 ficare
358 465 371 486 ,
397 429 427 474 fi
448 428 558 474 alter
580 428 746 484 vellet,
769 427 810 474 se
836 428 881 474 in
907 427 1125 490 potestate
1143 440 1212 473 tot
1235 428 1497 491 prin-cipum

206 502 407 552 civitatis
426 501 621 547 futuros.
644 501 870 553 Omnibus
890 499 1178 558 instantibus,
1198 500 1275 563 qui
1291 502 1499 559 aderant,

206 575 413 621 dexteras
447 572 670 634 fidemque
707 572 903 631 dedere,
935 572 1114 618 mittere
1150 588 1256 618 vere
1292 590 1341 620 ac
1368 572 1502 619 finire

208 650 385 696 odium.
406 648 606 706 Deinde,
624 647 983 694 collaudantibus
1004 646 1192 705 cuncti-s,
1210 648 1383 694 deduffi
1401 648 1502 694 sunt

209 722 256 769 i‘n
284 721 581 783 Capitolium.
617 722 672 766 Et
695 738 800 767 cura
819 719 948 782 super
968 720 1045 766 tali
1070 737 1117 766 re
1142 720 1400 783 principum
1418 756 1433 776 ,
1453 722 1504 767 ὃς

210 794 404 841 facilitas
428 793 663 841 censorum
683 796 861 856 egregie
885 794 1183 857 comprobata
1206 795 1260 840 ab
1279 793 1431 840 senatu
1452 794 1504 840 &

210 869 390 917 laudata
410 870 484 918 est.
506 869 784 916 Censoribus
805 868 965 915 deinde
984 870 1340 933 postulantibus,
1360 880 1411 914 ut
1429 885 1504 930 pe·

213 946 361 994 cuniae
389 945 559 992 summa
582 944 690 1000 fibi,
710 961 801 1007 qua·
819 944 869 990 in-
888 960 1027 1006 opera
1049 944 1234 1006 publica
1249 954 1510 1001 uterentur,

213 1019 554 1075 attribueretur,
576 1018 765 1082 veel-igal
785 1035 985 1064 annuum
1009 1018 1236 1064 decretum
1258 1017 1332 1064 est.

278 1096 462 1141 XLvu..
496 1093 672 1139 Eodem
703 1108 826 1138 anno
853 1092 903 1138 in,
929 1091 1140 1154 Hispania
1173 1094 1220 1137 L.
1251 1090 1513 1136 Postumius⁴

215 1170 267 1216 &
287 1168 359 1215 Ti.
381 1166 672 1229 Sempronius
701 1180 1005 1228 propraetores
1035 1175 1418 1225 comparaverunt
1444 1164 1509 1212 ita„

217 1240 337 1286 inter
361 1241 433 1297 se,
461 1253 511 1285 ut
538 1239 583 1285 in
608 1241 828 1285 Vaccaeos
858 1255 936 1301 per
965 1236 1233 1290 Lusitaniam
1263 1237 1347 1282 iret
1375 1235 1508 1281 Albi·-

218 1331 302 1361 nus
319 1350 332 1371 ,
354 1314 401 1359 in
440 1313 730 1363 Celtiberiam
761 1312 864 1358 inde
893 1323 1223 1364 reverteretur-3
1247 1309 1477 1357 Gracchus
1492 1345 1510 1365 ‚

219 1386 252 1432 fi
280 1383 424 1445 majus
446 1384 509 1430 ibi
537 1385 710 1430 bellum.
740 1383 870 1440 esset,
896 1383 939 1429 in
973 1382 1134 1428 ultima
1151 1382 1405 1429 Celtiberiae
1432 1397 1512 1443 pe-

220 1471 428 1506 netraret.
465 1458 681 1504 Mundam
711 1455 868 1502 urbem
903 1456 1096 1518 primum
1129 1455 1178 1500 vi
1208 1454 1350 1517 cepit,
1374 1455 1510 1500 n05le

219 1553 278 1582 ex
302 1534 552 1597 improviso
574 1532 810 1597 aggreffus.
837 1531 1033 1594 acceptis
1064 1530 1226 1576 deinde
1248 1530 1510 1587 obfidibus,

222 1608 524 1672 praesidioque
560 1605 804 1668 imposito,
841 1604 1014 1651 castella
1050 1620 1342 1666 oppugnare,
1376 1618 1512 1665 agros

222 1698 381 1738 urere,
415 1681 563 1726 donec
586 1680 640 1725 ad
663 1676 956 1740 praevalidam
987 1676 1117 1722 aliam
1148 1676 1301 1722 urbem
1325 1674 1510 1738 (Certi-

223 1773 342 1802 mam
375 1753 603 1816 appellant
638 1750 889 1813 Celtiberi)
923 1750 1144 1811 pervenit.
1176 1750 1252 1795 ubi
1289 1766 1389 1795 cum
1419 1749 1511 1809 jam

225 1845 364 1890 opera
389 1829 685 1882 admoveret,
713 1824 903 1871 veniunt
927 1824 1058 1887 legati
1082 1840 1136 1868 ex
1164 1822 1371 1884 oppido,
1393 1837 1514 1884 quo-

224 1919 325 1948 rum
358 1900 503 1946 sermo
530 1899 728 1962 antiquae
751 1897 1043 1957 simplicitatis
1063 1895 1175 1951 fuit,
1198 1911 1301 1940 non·
1317 1894 1512 1939 diffiniu-

226 1974 415 2020 lantium
446 1973 691 2019 bellaturos
706 2009 730 2028 „
745 1972 775 2017 fi
795 1971 915 2016 vires
934 1970 1081 2016 effent.
1117 1969 1344 2015 Petierunt
1364 1967 1480 2013 enim
1498 2002 1515 2026 ,

225 2058 275 2092 ut
307 2046 386 2092 fibi
408 2047 452 2091 in
481 2045 619 2093 castra
641 2044 978 2092 Celtiberorum
1009 2043 1071 2088 ire
1101 2042 1254 2089 liceret
1275 2042 1329 2088 ad
1347 2041 1517 2087 auxilia.

227 2117 504 2179 accipienda.
540 2118 569 2163 si
592 2134 695 2163 non.
710 2114 1037 2177 impetraffent‚
1066 2128 1160 2159 tum
1182 2113 1411 2176 separatim
1433 2127 1514 2158 eos

227 2191 385 2239 abillis
406 2191 449 2237 se
473 2191 779 2237 consulturos.
800 2188 1089 2235 permittente
1105 2186 1330 2243 Graccho,
1347 2186 1515 2242 ierunt,

228 2266 278 2312 &
316 2263 414 2325 post
448 2264 603 2326 paucis
635 2263 791 2309 diebus
823 2261 934 2308 alios
969 2262 1122 2308 decem
1162 2260 1331 2323 legatos
1363 2257 1513 2304 secum

229 2336 527 2387 adduxerunt.
566 2336 865 2382 Meridianum
896 2349 1071 2397 tempus
1108 2346 1214 2379 erat.
1252 2330 1361 2377 nihil
1390 2329 1520 2392 prius.

228 2411 456 2482 petierunt
485 2430 512 2460 a
541 2423 738 2483 praetore
756 2446 771 2471 ,
802 2427 936 2476 quam
969 2423 1021 2457 ut-
1050 2408 1203 2456 bibere
1232 2405 1312 2456 fibi
1340 2404 1519 2468 jubere-r
