1618 2715
193 76 285 140 356
558 73 1117 120 T1T1L1V11

195 198 302 229 vam
324 180 413 228 viae
432 179 631 244 ponitur.
653 179 770 227 inter
790 179 905 226 hanc
923 179 1107 226 divisam
1123 178 1315 227 hostiam
1336 179 1481 244 copIae

193 268 375 303 armarat
394 255 703 301 traducuntur.
730 252 1029 316 praeferuntur
1053 254 1201 316 primo
1223 253 1390 317 agmini
1411 272 1483 301 ar·

193 347 269 376 ma
295 327 480 391 insignia
504 327 711 373 omnium
739 327 794 372 ab
817 325 969 372 ultima
992 326 1166 389 origine
1198 327 1482 375 Macedoniae

198 417 354 464 regum
380 399 571 446 :deinde
600 415 679 445 rex
708 398 798 461 ipse
827 415 929 446 curn
958 396 1107 444 liberis
1126 398 1350 462 sequitur:
1370 414 1483 461 pro-

193 474 316 522 xima
336 472 397 519 est
418 471 534 535 regia
553 472 720 518 cohors
743 469 1036 533 custodesque
1058 471 1289 533 corporis:
1314 471 1484 534 postre-

194 563 322 592 mum
344 561 501 608 agmen
527 545 836 591 Macedonum
864 558 1010 590 cetera
1037 542 1279 590 multitudo
1301 545 1481 592 claudit.

194 622 354 668 Latera
385 618 499 682 regis
536 618 627 664 duo
662 617 742 663 filii
771 616 963 678 juvenes
1000 616 1272 680 cingebant,
1303 617 1482 665 Perseus

192 691 282 755 jam
305 691 575 738 tricesimum
597 708 764 737 annum
784 706 933 753 agens,
950 688 1210 736 Demetrius
1228 687 1481 750 quinquen·

194 764 275 811 nio
303 763 482 822 minor3
514 763 665 811 medio
698 762 896 825 juventa:
920 761 1089 808 robore
1116 761 1215 818 ille,
1236 761 1312 807 hic
1338 760 1482 816 flore;

194 836 417 886 fortunati
439 835 576 899 patris
606 850 776 882 matura
808 834 1015 892 soboles,
1037 834 1068 880 fi
1095 849 1220 880 mens
1249 832 1350 879 sana
1376 832 1482 878 fuis-

196 910 272 956 set.
295 912 401 956 Mos
421 922 540 966 erat,
565 908 843 956 lustrationis
865 908 988 955 sacro
1009 908 1215 971 peractO,
1235 907 1482 954 exercitum

196 984 462 1040 decurrere,
491 984 541 1029 &
567 981 730 1029 divisas
763 981 962 1028 bifariam
998 982 1107 1027 duas
1136 980 1252 1027 acies
1284 997 1483 1027 concur-

195 1072 294 1101 rere
315 1055 369 1101 ad
398 1055 681 1101 smmlacrum
705 1071 883 1118 pugnae.
914 1053 1041 1116 Regii
1069 1052 1255 1114 juvenes
1277 1053 1412 1099 duces
1440 1051 1482 1098 ei

195 1128 376 1174 ludicro
401 1127 634 1175 certamini
657 1129 761 1175 dati.
786 1141 981 1175 ceterum
1001 1144 1096 1174 non
1123 1128 1273 1190 imago
1293 1126 1378 1173 suit
1401 1144 1481 1189 pu-

195 1220 324 1267 gnae,
351 1201 447 1260 sed,
473 1215 683 1264 tanquam
705 1202 758 1247 cle
781 1217 920 1264 regno
940 1200 1228 1247 dimicaretur
1243 1235 1255 1257 ‚
1283 1198 1343 1246 ita
1366 1217 1482 1247 con-

196 1288 448 1333 currerunt,
463 1275 692 1338 multaque
713 1275 901 1320 vulnera
921 1272 1100 1319 sudibus
1117 1271 1254 1327 fa&a;
1273 1289 1355 1319 nec
1374 1290 1482 1335 prae-

196 1362 264 1396 ter
285 1348 449 1396 ferrum
469 1348 715 1412 quidquam
738 1347 881 1394 defixit
901 1348 956 1393 ad
976 1346 1130 1410 justam
1149 1346 1255 1393 belli
1275 1346 1479 1413 speciem.
1499 1381 1502 1385 -

197 1423 302 1469 Pars
334 1439 413 1480 ea,
443 1439 543 1485 quae
575 1421 652 1467 sub
686 1421 929 1468 Demetrio
963 1434 1085 1478 erat,
1115 1420 1249 1483 longe
1278 1414 1481 1483 superior

198 1496 294 1542 fuit.
327 1495 373 1542 id
396 1511 510 1559 aegre
537 1495 734 1558 patiente
758 1493 941 1550 Perseo,
960 1492 1099 1539 laetari
1118 1493 1353 1555 prudentes
1373 1492 1480 1539 ami·

199 1568 242 1615 ci
262 1567 382 1630 ejus,
405 1584 590 1631 eamque
617 1584 709 1614 rem
738 1566 879 1630 ipsam
907 1565 1053 1614 dicere
1071 1565 1354 1628 praebituram
1376 1582 1480 1612 cau·

199 1641 289 1688 sam
320 1640 588 1689 criminandi
616 1640 812 1704 juvenis.

155 1712 157 1714 ’
251 1717 348 1761 Vll.
369 1714 656 1761 Convivium
675 1731 731 1760 eo
754 1713 823 1759 die
844 1712 1078 1771 sodalium,
1095 1712 1170 1776 qui
1190 1712 1317 1758 simul
1337 1711 1483 1758 decur-

198 1800 377 1846 rerant,
405 1799 590 1849 uterque
609 1787 792 1845 habuit,
815 1804 916 1833 cum
943 1798 1135 1833 vocatus
1155 1786 1208 1833 ad
1229 1803 1404 1833 coenam
1425 1786 1480 1832 ab

200 1860 442 1908 Demetrio
463 1860 642 1907 Perseus
660 1860 864 1923 negaffet.
889 1859 1014 1905 Festo
1034 1859 1104 1905 die
1126 1858 1337 1907 invitatio
1355 1858 1482 1905 beni·

203 1950 286 1995 gna
307 1933 356 1979 &
378 1931 572 1979 hilaritas
600 1930 820 1992 juvenalis
847 1928 1058 1992 utrosque
1085 1929 1128 1975 in
1152 1928 1310 1975 vinum
1332 1930 1482 1980 traxit.

202 2001 597 2049 Commemoratio
621 2001 683 2048 ibi
706 2001 960 2049 certaminis
984 2000 1144 2047 ludicri
1168 2003 1218 2050 &
1239 2000 1394 2062 jocosa
1413 2002 1482 2048 di-

201 2074 266 2120 &a
285 2074 330 2120 in
350 2073 644 2132 adversarios,
663 2074 723 2121 ita
744 2086 795 2121 ut
816 2091 871 2121 ne
891 2074 991 2136 ipsis
1006 2074 1186 2137 quidem
1205 2073 1394 2121 ducibus
1414 2074 1484 2120 ab·

199 2148 459 2207 fiineretur‚
491 2149 775 2211 jaclabantur.
820 2149 888 2194 Ad
919 2149 994 2194 has
1026 2146 1311 2209 excipiendas
1340 2161 1481 2193 voces

201 2220 456 2282 speculator
478 2239 529 2268 ex
547 2221 762 2269 convivis
783 2220 925 2268 Persei
946 2220 1115 2279 miss‘us,
1137 2236 1235 2266 cum
1257 2217 1481 2265 incautior

202 2292 547 2349 obversaretur,
571 2306 782 2355 exceptus
810 2311 833 2339 a
863 2292 1101 2353 iuvenibus
1134 2291 1250 2337 forte
1280 2290 1480 2338 triclinio

204 2365 404 2428 egrestis,
435 2366 549 2415 male
575 2366 812 2416 mulcatur.
846 2365 987 2428 Hujus
1017 2365 1080 2413 rei
1108 2365 1287 2429 ignarus
1308 2364 1480 2412 Deme-
