1618 2715
206 111 293 171 348
551 103 1111 154 T1T1L1v11

201 232 382 283 'proram
410 214 664 271 lacerabat,
697 223 774 258 aut
799 225 948 258 remos
980 209 1261 274 detergebat,
1293 221 1393 268 aut,
1420 208 1478 255 li-

200 295 313 341 bero
333 291 447 337 inter
469 288 647 335 ordines
680 283 871 332 discursu
890 284 1177 347 praeterve5³ta
1194 319 1207 339 ‚
1228 281 1273 327 in
1292 283 1480 344 puppim

203 367 418 429 impetum
445 361 588 409 dabat.
616 358 807 405 maxime
833 356 1050 404 exterruit
1076 356 1266 419 hepteris
1290 354 1406 417 regia
1423 390 1437 410 ‚
1455 371 1479 401 a

203 438 350 485 multo
375 435 550 482 minore
577 429 752 477 Rhodia
776 446 890 477 nave
918 446 1011 475 uno
1034 428 1122 474 ictu
1153 426 1359 474 demersa.
1392 429 1480 473 Ira-

203 528 294 576 que
321 509 410 570 jam
444 504 561 552 haud
595 503 728 550 dubie
756 504 984 549 dexterum
1022 517 1166 548 cornu
1202 501 1397 548 hostium
1431 502 1479 546 in

203 584 352 647 fugam
390 579 646 627 inclinabat.
683 577 929 623 Eudamum
962 576 1007 621 in
1042 575 1164 632 alto,
1198 573 1481 621 multitudine

205 655 390 704 navium
415 651 605 699 maxime
638 649 887 704 Hannibal,
922 649 1077 695 ceteris
1105 647 1314 694 omnibus
1346 648 1482 709 longe

206 727 485 792 praestantem
502 760 515 783 ‚
531 723 716 788 urgebat
737 741 746 768 ε
778 725 827 770 ὅζ
857 721 1217 769 circumvenisset
1233 757 1243 776 ,
1266 720 1333 776 ni,
1357 719 1482 782 signo
1543 748 1545 750 v

205 800 379 847 sublato
405 814 461 843 ex
485 795 694 859 praetoria
726 810 866 848 nave,
890 791 1015 857 (quo
1047 790 1277 854 dispersam
1309 791 1483 838 classem

207 875 255 921 in
277 888 415 918 unum
441 868 594 932 colligi
624 883 722 914 mos
748 863 875 929 erat)
905 882 1090 922 omnes,
1112 882 1211 921 cuiae
1244 864 1291 910 in
1321 865 1483 910 dextro

206 963 352 995 cornu
374 943 599 999 vicerant,
622 956 758 986 naves
781 939 835 985 ad
861 955 995 1000 opem
1016 925 1238 984 ferendam
1262 937 1345 984 suis
1366 953 1483 983 con-

210 1017 453 1068 currissent.
495 1028 591 1062 tum
633 1015 681 1060 &
716 1012 966 1070 Hannibal,
1000 1029 1192 1076 quaeque
1229 1012 1347 1059 circa
1382 1027 1485 1057 eum

209 1104 336 1141 erant
357 1105 492 1137 naves
508 1125 520 1144 ‚
543 1086 764 1149 capessunt
789 1085 933 1149 fugam
954 1104 965 1132 :
985 1102 1068 1131 nec
1098 1084 1269 1147 insequi
1289 1083 1483 1141 Rhodii,

208 1184 266 1214 ex
294 1180 451 1227 magna
473 1173 596 1225 parte
618 1159 741 1223 aegris
757 1195 769 1216 ‚
791 1161 838 1207 &
860 1159 921 1205 ob
944 1158 989 1205 id
1010 1158 1195 1206 celerius
1216 1157 1327 1204 fessis
1349 1157 1485 1204 remi-

209 1239 337 1305 gibus
355 1273 368 1295 ‚
396 1246 654 1299 potuerunt.
691 1234 811 1279 Cum
846 1232 891 1280 in
923 1233 1043 1289 alto,
1072 1231 1150 1277 ubi
1179 1231 1485 1290 substiterant,

206 1314 318 1373 ‚cibo
347 1309 579 1357 reficerent
606 1308 727 1354 vires
745 1343 758 1366 ,
788 1306 1115 1370 contemplatus
1147 1306 1369 1364 Eudamus
1399 1302 1488 1351 ho-

212 1394 295 1446 stes
309 1428 321 1450 ‚
342 1384 517 1438 claudas
536 1380 844 1444 mutilatasque
869 1396 1005 1427 naves
1026 1377 1185 1442 apertis
1208 1377 1395 1424 navibus
1416 1393 1489 1423 re-

211 1467 364 1516 mulco
401 1462 651 1518 trahentes,
688 1455 853 1520 viginti
889 1454 1027 1518 paulo
1067 1451 1257 1516 amplius
1295 1452 1488 1515 integras

210 1537 514 1592 abscedentes,
534 1549 557 1579 e
584 1529 696 1578 turri
725 1528 951 1592 praetoriae
981 1526 1111 1573 navis
1138 1525 1311 1571 silentio
1340 1523 1455 1570 faffi)
1472 1561 1488 1581 ‚

216 1612 469 1673 Exsurgite,
499 1605 672 1668 inquit,
706 1600 748 1648 δ’
781 1605 978 1664 egregium
997 1601 1274 1661 spefffacrelum
1310 1598 1491 1660 capeffite

215 1680 373 1731 oculis!
408 1676 739 1724 Consurrexere
773 1689 960 1729 ornnes,
990 1669 1367 1733 contemplatique
1397 1681 1491 1714 tre-

214 1756 493 1822 pidationem
525 1751 762 1814 fugamque
804 1747 1026 1803 hostium,
1066 1761 1208 1808 prope
1244 1761 1333 1790 una
1372 1759 1493 1790 voce

215 1829 527 1878 exclamavere
547 1839 703 1870 omnes
718 1858 730 1879 ‚
750 1837 799 1868 ut
822 1820 1120 1883 sequerentur.
1155 1816 1288 1879 Ipsius
1308 1814 1494 1862 Eudami

216 1899 368 1965 multis
386 1898 543 1944 iffibus
568 1896 800 1942 vulnerata
824 1892 952 1940 navis
973 1903 1076 1938 erat.
1101 1888 1418 1952 Pamphilidam
1442 1889 1492 1934 δέ

216 1970 513 2020 Chariclitum
546 1967 737 2030 insequi,
757 1965 906 2029 quoad
936 1976 1141 2027 putarent
1163 1975 1307 2009 tutum
1323 1996 1336 2017 ‚
1360 1958 1494 2020 jussit.

218 2042 505 2106 Aliquamcliu
533 2039 667 2086 secuti
690 2039 817 2085 sunt:
839 2036 1071 2100 postquam
1092 2046 1219 2080 terrae
1241 2030 1495 2095 appropin-

217 2118 382 2181 quabat
410 2113 657 2170 Hannibal,
679 2112 811 2160 veriti
844 2127 897 2155 ne
919 2107 1251 2155 includerentur
1278 2115 1420 2149 vento
1448 2103 1492 2146 in

217 2191 413 2237 hostium
444 2206 550 2246 ora,
572 2187 625 2232 ad
659 2186 906 2231 Eudamum
940 2181 1129 2236 reve&i‚
1161 2180 1383 2240 hepterem
1419 2192 1495 2221 ca-

219 2277 340 2325 ptam
357 2299 371 2321 ‚
399 2279 498 2323 quae
526 2260 672 2322 primo
703 2254 924 2303 concursu
949 2255 1032 2300 {aa
1054 2266 1174 2307 erat,
1196 2266 1308 2313 aegre
1338 2247 1496 2293 Phase-

220 2337 355 2380 lidem
376 2343 700 2397 pertraxerunt.
732 2329 833 2374 inde
854 2328 1064 2373 Rhodum
1085 2360 1098 2381 ‚
1123 2339 1215 2368 non
1238 2333 1327 2366 tam
1347 2318 1495 2367 virito-

224 2406 287 2452 ria
303 2406 390 2452 laeti
400 2441 415 2465 ,
442 2421 576 2469 quam
605 2403 715 2450 alius
738 2401 873 2448 alium
903 2396 1185 2454 accusanteS,
1215 2393 1340 2457 quod
1352 2428 1370 2451 ,
1392 2406 1494 2439 cum
