1618 2715
258 114 801 166 HISTORIARUM
835 113 961 157 LIB.
997 110 1200 158 XXXV.
1318 124 1373 168 41

118 226 325 275 vicerunt
340 261 351 282 ‚
371 237 418 270 ut
435 261 448 279 ‚
475 240 529 268 ne
556 222 691 267 dilato
715 217 895 282 quidem
915 216 1112 265 concilio
1127 252 1140 273 ,
1163 219 1210 263 ὅ(
1229 215 1382 262 absen-

120 300 236 346 tibus
267 284 506 352 Romanis,
537 295 761 355 decretum
792 289 945 347 fieret,
977 305 1070 352 quo
1103 287 1384 334 arcefferetur

121 370 372 418 Antiochus
406 368 459 413 ad
493 365 761 412 liberandam
791 363 1037 415 Graeciam,
1070 360 1385 423 disceptatum-

121 459 209 505 que
238 443 351 488 inter
374 438 551 486 AEtolos
581 439 629 483 δε
659 437 903 481 Romanos.
934 432 1053 479 Huic
1078 443 1165 477 tam
1196 429 1387 492 superbo

123 516 303 561 decreto
333 511 499 558 addidit
526 508 753 573 propriam
785 505 1103 555 contumeliam
1137 503 1384 549 Damocri-

122 599 195 634 tus
229 599 393 649 praetor
424 600 593 630 eorum.
633 598 733 626 nam
772 597 873 627 cum
909 579 953 624 id
990 578 1127 640 ipsum
1162 577 1387 623 decretum

122 659 325 722 posceret
362 673 460 703 eum
496 653 762 714 Quinctius,
795 668 889 698 non
922 650 1088 697 veritus
1123 648 1389 709 majestatem

125 731 237 788 viri,
258 734 380 776 aliud
396 733 440 774 in
457 729 671 788 proefi’ntia
685 761 697 781 ‚
726 729 836 785 quod
851 725 985 785 magis
1010 724 1198 789 instaret,
1212 739 1388 781 praever-

125 807 290 849 tendum
299 802 384 865 sibi
403 799 493 861 effiz,
514 799 627 844 dixit
645 816 656 844 ε
676 802 868 842 decretum
887 798 1191 857 resl'mrzficmque
1218 796 1324 839 brevi
1343 797 1389 839 ist

126 879 284 931 Italia,
309 876 444 939 ccgstris
471 874 598 932 super
628 874 759 930 ripam
800 872 953 915 Tiberis
979 868 1150 931 positis,
1183 871 1389 914 daturum.

128 960 277 995 tantus
303 947 428 992 furor
452 944 531 989 illo
561 956 764 1004 tempore
790 953 961 1004 gentem
981 939 1264 998 AEtolorum‚
1289 953 1390 986 tan-

128 1019 287 1078 tusque
313 1017 584 1080 magistratus
611 1032 767 1061 eorum
799 1014 931 1075 cepit.
1263 1060 1265 1062 ,

191 1088 410 1135 XXXIV.
442 1085 679 1145 Quinctius
704 1083 920 1146 legatique
950 1082 1220 1129 Corinthum
1250 1082 1392 1129 redie-

127 1171 246 1209 runt.
275 1158 406 1214 inde,
435 1167 484 1203 ut
514 1172 704 1219 quaeque
734 1156 786 1201 de
809 1154 1040 1201 Antiocho
1058 1190 1071 1211 ‚
1105 1155 1215 1200 nihil
1242 1171 1318 1217 per
1352 1153 1394 1200 se

128 1233 209 1296 ipfi
239 1232 378 1289 moti,
409 1231 458 1278 &
488 1229 682 1276 sedentes
713 1227 958 1289 exspectare
992 1227 1234 1273 adventum
1260 1226 1393 1273 vide·-

129 1317 282 1353 rentur
316 1304 464 1368 regis,
500 1301 743 1350 concilium
777 1294 954 1364 quidem
993 1299 1210 1346 universae
1251 1298 1395 1363 gentis

129 1378 230 1443 post
249 1378 444 1425 dimiffos
462 1378 692 1423 Romanos
713 1392 804 1421 non
827 1375 1100 1420 habuerunt:
1118 1390 1195 1436 per
1214 1372 1395 1435 apoclea

129 1465 203 1499 tos
224 1463 368 1498 autem
392 1450 475 1514 (ita
503 1461 672 1496 vocant
692 1447 879 1494 sandius
907 1445 1141 1493 confilium
1162 1463 1172 1491 :
1194 1462 1249 1491 ex
1279 1445 1394 1490 dele-

132 1526 210 1572 &is
239 1523 413 1571 constat
434 1522 566 1586 viris)
594 1522 638 1568 id
659 1521 907 1584 agitabant,
930 1536 1126 1582 quonam
1157 1519 1297 1564 modo
1327 1534 1396 1564 res·

133 1596 180 1643 in
212 1596 387 1643 Graecia
421 1607 708 1642 novar-entur.
741 1596 857 1639 Inter
887 1607 1043 1637 ornnes
1072 1589 1318 1645 constabat,
1349 1590 1395 1635 in

134 1670 390 1718 civitatibus
408 1669 630 1732 principes
644 1702 657 1724 ‚
679 1665 899 1727 optimum
918 1678 1135 1726 quemque
1148 1696 1162 1718 ,
1180 1662 1397 1707 Romanae

131 1743 354 1792 societatis
380 1744 490 1801 effe,
520 1745 569 1790 ὅ(
599 1739 801 1805 praesenti
829 1739 938 1785 statu
962 1737 1161 1801 gaudere.
1195 1735 1398 1782 multitu-

132 1817 310 1875 dinem,
342 1817 391 1863 ὃ(
421 1832 616 1879 quorum
650 1829 717 1859 res
746 1829 840 1859 non
871 1828 926 1857 ex
961 1809 1171 1857 sententia
1202 1808 1398 1871 ipsorum

133 1888 298 1945 essent,
330 1888 480 1935 omnia
511 1902 682 1934 novare
709 1884 839 1932 velle.
868 1882 1008 1929 AEtoli
1040 1880 1273 1928 consilium
1304 1897 1400 1926 uno

134 1959 205 2005 die
234 1959 323 2021 spei
350 1975 532 2022 quoque
559 1975 653 2005 non
679 1954 857 2002 audacis
879 1953 1019 1999 modo
1035 1988 1049 2010 ‚
1074 1951 1145 1998 sed
1164 1951 1295 1997 etiam
1316 1950 1401 1997 im·

135 2032 369 2094 pudentiS,
401 2043 639 2094 ceperunt,
660 2027 1016 2080 Demetriadem,
1041 2023 1325 2081 Chalcidem,
1350 2024 1402 2070 δε

136 2103 500 2150 Lacedaemonem
522 2101 786 2163 occupandi.
821 2097 992 2162 Singuli
1015 2097 1060 2142 in
1086 2096 1273 2159 singulas
1292 2093 1404 2140 miffi

136 2176 238 2223 sunt
255 2174 478 2238 principes
499 2193 509 2220 ε
528 2175 683 2220 Thoas
702 2171 984 2228 Chalcidem,
1006 2170 1301 2216 Alexamenus
1317 2169 1403 2212 La·-

138 2249 468 2303 cedaemonem‚
503 2245 692 2292 Diocles
724 2243 1074 2291 Demetriadem.
1116 2242 1248 2286 Hunc
1280 2236 1402 2285 exsul

137 2319 455 2383 Eurylochus,
481 2318 533 2364 de
555 2316 678 2377 cujus
700 2316 801 2380 fuga
823 2315 1033 2378 causaque
1060 2313 1175 2375 fugae
1207 2323 1307 2357 ante
1335 2308 1404 2355 di-

139 2391 255 2437 &um
291 2389 381 2446 est,
411 2389 516 2453 quia
546 2389 712 2437 reditus
744 2387 789 2435 in
822 2385 1009 2451 patriam
1043 2383 1164 2431 nulla
1196 2380 1290 2446 spes
1319 2379 1404 2427 alia
