1618 2715
176 68 269 118 280
526 67 1085 117 T'1T1L1vl1

174 191 272 222 non
295 173 385 221 lixa
415 171 704 238 sequebatur,
722 192 817 222 non
840 175 1142 237 jumentorum
1161 176 1321 241 longus
1338 178 1456 227 ordo

175 262 333 308 agmen
369 246 637 293 extendebat
672 264 684 292 ε
717 245 854 301 nihil,
887 260 1046 309 praeter
1083 265 1204 295 arma
1239 251 1289 296 &
1327 250 1457 298 viros

174 335 358 365 omnem
384 318 502 381 spem
534 318 579 364 in
607 319 738 366 armis
768 319 1006 376 habentes,
1036 334 1142 369 erat.
1176 324 1273 369 Nec
1306 324 1457 372 deerat

175 407 374 453 unquam
407 407 507 436 cum
529 389 582 435 iis
603 389 678 436 vel
709 390 890 436 materia
910 390 1015 436 belli
1030 427 1045 449 ,
1065 392 1141 447 vel
1172 393 1328 450 causa3
1353 395 1458 458 quia

175 475 365 525 propter
389 461 674 507 domesticam
706 461 908 524 inopiam
932 462 1113 509 vicinos
1142 482 1272 528 agros
1302 467 1456 514 incur-

176 535 343 582 sabam.
379 551 461 582 nec
490 546 639 582 tamen
663 535 711 581 in
736 535 970 588 discrimen
999 537 1178 584 summae
1203 557 1351 587 rerum
1372 558 1457 604 pun

177 610 405 672 gnabatur.

244 683 294 727 11.
331 682 384 727 C.
407 681 646 729 Flaminius
667 681 854 741 consul,
874 699 974 729 cum
998 683 1266 731 Friniatibus
1286 686 1463 748 Ligurio?

177 755 261 802 bus
286 755 331 800 in
355 772 461 819 agro
482 773 638 802 eorum
657 755 863 819 pluribus
894 758 1067 821 proeliis
1088 756 1289 807 secundis
1314 759 1459 819 t‘affi39

178 829 227 875 in
255 828 531 875 deditionem
553 841 730 893 gentem
758 831 962 892 accepit,
985 833 1033 878 ὅ(
1060 849 1178 879 arma
1199 833 1388 880 ademit:
1409 851 1459 880 ea

179 901 284 964 quia
304 917 399 947 non
427 900 594 947 sincera
613 900 699 947 fide
718 902 975 960 tradebant,
999 921 1100 950 cum
1119 904 1462 968 castigarentur,

121 1021 125 1022 ⁷
180 974 342 1019 reliffis
387 973 502 1022 vicis
547 973 594 1019 in
636 987 840 1020 montem
881 977 1104 1038 Auginum
1143 978 1462 1041 confugerunt.

179 1045 417 1093 confestim
445 1045 620 1092 secutus
651 1045 711 1091 est
743 1046 913 1095 consul.
949 1049 1100 1094 Ceteri
1115 1049 1252 1095 'effusi
1285 1049 1462 1107 rursus,

179 1120 230 1164 δε
253 1135 350 1180 pars
370 1119 564 1165 maxima
594 1120 784 1167 inermes
801 1156 815 1178 ,
839 1137 918 1183 per
942 1121 1068 1168 invia
1094 1124 1144 1168 &
1176 1138 1306 1184 rupes
1328 1123 1461 1168 deru=

181 1203 278 1252 ptas
305 1191 633 1259 praecipitantes
660 1191 892 1256 fugerunt,
921 1210 1008 1254 qua
1042 1193 1166 1257 sequi
1198 1194 1334 1240 hostis
1365 1211 1463 1241 non

179 1262 335 1324 postet.
363 1263 425 1308 ita
444 1277 562 1310 trans
580 1264 869 1324 Apenninum
891 1264 1113 1319 abierunt.
1147 1265 1224 1328 qui
1252 1264 1398 1311 castris
1419 1265 1463 1311 se

179 1349 442 1393 tenuerant,
470 1337 732 1384 circumseffi
770 1338 1019 1400 expugnati
1053 1337 1164 1385 sunt.
1203 1338 1307 1383 Inde
1340 1351 1465 1384 trans

180 1410 472 1472 Apenninum
498 1412 636 1457 (metae
655 1411 869 1475 legiones.
888 1412 952 1458 lbi
971 1412 1162 1471 montis,
1177 1428 1309 1472 quem
1331 1427 1464 1474 cepe-

179 1497 311 1542 rant,
332 1484 563 1532 altitudine
584 1485 802 1547 paulisper
825 1484 865 1530 se
884 1485 1014 1531 tutati
1035 1522 1048 1542 ‚
1066 1500 1176 1530 mox
1196 1484 1242 1529 in
1271 1483 1462 1530 deditio-

182 1574 283 1602 nem
317 1558 644 1606 concess'erunt.
682 1570 779 1605 tum
804 1557 1055 1620 conquisita
1087 1574 1187 1604 cum
1219 1556 1465 1603 intentiore

181 1648 287 1677 cura
316 1647 465 1687 arma,
493 1632 543 1677 &
581 1630 735 1677 omnia
766 1631 954 1678 ademta.
988 1629 1273 1677 Translatum
1305 1629 1464 1680 deinde

174 1706 236 1753 'ad
255 1707 466 1767 Apuanos
488 1705 666 1770 Ligures
692 1705 857 1753 bellum
873 1724 890 1762 ·‚
908 1707 985 1770 qui
1011 1706 1058 1751 in
1083 1723 1238 1769 agrum
1257 1704 1465 1751 Pisanum

181 1776 602 1841 Bononiensemque
643 1778 703 1824 ita
746 1778 1112 1834 incuriaverant,
1147 1790 1196 1823 ut
1233 1775 1324 1823 coli
1366 1791 1463 1820 non

180 1848 338 1912 poffet.
362 1850 442 1896 His
470 1866 655 1914 quoque
677 1848 965 1911 perdomitis,
993 1847 1150 1894 consul
1169 1862 1323 1909 pacem
1343 1845 1465 1891 dedit

181 1923 397 1970 finitimis.
425 1925 503 1981 &‚
525 1925 656 1987 quia,
682 1941 706 1970 a
736 1923 857 1969 bello
883 1924 1033 1986 quieta
1063 1934 1113 1969 ut
1136 1921 1240 1968 effet
1265 1920 1463 1984 provin-2

182 1995 278 2052 cia,
299 1995 530 2051 effecerat,
559 2014 614 2043 ne
646 1997 691 2042 in
717 1996 816 2041 otio
846 1995 1036 2041 militem
1060 1994 1268 2050 haberet,
1291 1992 1410 2042 viam
1439 2008 1463 2038 a

181 2068 391 2113 Bononia
416 2068 626 2129 perduxit
646 2067 886 2116 Arretium.
908 2069 970 2114 M.
993 2065 1194 2114 AEmilius
1222 2065 1332 2112 alter
1351 2079 1464 2110 con-

182 2139 247 2186 sul
286 2156 418 2203 agros
456 2140 668 2202 Ligurum
710 2140 960 2202 vicosque,
991 2139 1069 2204 qui
1097 2139 1144 2185 in
1184 2136 1350 2202 campis
1385 2146 1463 2182 aut

182 2212 374 2260 vaiiibus
408 2225 560 2269 erant,
596 2213 696 2274 ipfis
733 2225 911 2263 montes
948 2212 1063 2258 duos
1107 2210 1310 2258 Balistam
1344 2208 1462 2253 Suis-

181 2286 497 2348 montiumque
515 2273 791 2340 tenentibus,
811 2284 967 2330 deuffit
986 2280 1368 2347 depopulatusque
1386 2280 1462 2327 est.

182 2348 339 2404 deinde
371 2374 477 2417 eos,
508 2358 587 2422 qui
613 2357 659 2406 in
685 2357 921 2406 montibus
946 2368 1071 2405 erant
1081 2390 1099 2417 2
1124 2355 1304 2405 adortus
1319 2387 1334 2410 ,
1364 2351 1470 2418 pria
