1618 2715
181 114 273 158 442
549 86 1149 146 T1T1L1v11‘

180 209 427 262 Hercates;
464 216 587 253 trans
610 204 896 268 Apenninum
931 205 1146 252 Briniates
1173 203 1365 254 fuerant.
1398 206 1475 253 In?-

180 292 248 327 ter
268 280 501 328 Audenam
531 296 709 327 amnem
742 280 788 326 P.
815 278 992 324 Mucius
1021 295 1121 324 cum
1154 278 1238 336 iis,
1270 278 1348 342 qui
1379 281 1471 324 Lu-

182 371 284 400 nam
299 354 501 417 Pisasque
520 351 784 416 depopulati
804 362 955 409 erant,
971 350 1138 397 bellum
1158 351 1301 415 geffit:
1324 350 1476 396 omni-

179 427 352 491 busque
382 427 428 473 in
462 426 683 474 ditionem
714 424 900 471 redactis
930 441 1050 472 arma
1077 422 1253 472 ademit.
1292 424 1369 471 Ob
1400 439 1475 470 eas

181 515 279 556 res,
311 499 358 544 in
378 496 526 544 Gallia
549 494 881 560 Liguribusque
912 495 1051 559 gestas
1083 496 1275 542 duorum
1305 493 1475 542 consu-

182 571 276 617 lum
293 571 428 617 ductu
446 569 740 633 auspicioque
752 603 765 624 ‚
782 567 954 615 senatus
968 568 1016 616 in
1036 567 1231 616 triduum
1250 566 1476 629 supplica-

182 645 335 691 tiones
368 643 606 702 decrevit,
637 644 689 689 &
721 641 1014 706 quadraginta
1045 641 1203 688 hostiis
1237 638 1476 688 sacrificari

181 717 312 779 justit.
350 720 405 764 Et
430 717 649 765 tumultus
677 717 859 781 quidem
886 716 1088 765 Gallicus
1120 717 1169 763 &
1199 714 1477 779 Ligustinus,

183 790 264 854 qui
285 791 514 855 principio
535 791 629 854 ejus
648 791 754 838 anni
772 802 957 837 exortus
974 789 1144 848 fuerat,
1170 789 1291 836 haud
1310 804 1479 852 magno

185 877 355 912 conatu
374 864 506 912 brevi
528 865 760 929 oppressus
779 880 885 913 erat.
916 864 1026 912 Belli
1045 863 1338 912 Macedonici
1362 862 1480 909 subi-

185 937 262 984 bat
291 936 378 998 jam
407 954 516 985 cura
532 972 547 997 9
579 938 794 985 miscente
815 937 976 985 Perseo
999 938 1114 985 inter
1133 935 1373 984 Dardanos
1393 937 1481 982 Ba-

185 1008 442 1073 starnasque
469 1011 740 1058 certamina:
782 1012 833 1058 &
865 1009 1027 1075 legati,
1063 1008 1142 1073 qui
1170 1007 1284 1055 miffi
1319 1008 1374 1054 ad
1408 1023 1481 1055 res

184 1081 394 1128 visendas
429 1081 479 1128 in
515 1083 837 1130 Macedoniam
870 1093 1030 1140 erant,
1065 1080 1154 1143 jam
1194 1090 1480 1140 reverterant

185 1157 379 1203 Romam
397 1192 412 1216 ‚
441 1157 904 1221 renuntiaverantque
922 1193 937 1216 ‚
969 1156 1138 1203 bellum
1165 1154 1214 1202 in
1248 1153 1482 1201 Dardania

187 1230 288 1277 effe.
325 1228 468 1276 Simul
498 1241 720 1278 venerant
746 1230 796 1277 &
831 1230 887 1276 ab
911 1245 1017 1293 rege
1051 1227 1212 1275 Perseo
1245 1239 1483 1286 oratores,

186 1303 265 1365 qui
294 1314 539 1367 purgarent
558 1338 572 1361 ,
607 1318 692 1349 nec
728 1301 899 1349 accitos
928 1302 984 1349 ab
1014 1317 1069 1348 eo
1100 1300 1325 1347 Bastarnas
1345 1336 1359 1359 ‚
1397 1312 1485 1347 nee

186 1375 368 1422 auctore
393 1391 452 1422 eo
479 1374 723 1439 quidquam
748 1373 910 1422 facere.
944 1374 1127 1420 Senatus
1155 1389 1238 1419 nec
1266 1370 1480 1434 liberavit

188 1447 282 1509 ejus
315 1448 461 1512 culpae
489 1465 637 1511 regem
654 1484 669 1505 ‚
690 1464 837 1510 neque
857 1446 1026 1511 arguit:
1058 1445 1237 1492 moneri
1257 1461 1361 1491 eum
1382 1457 1484 1491 tan-

187 1521 431 1567 tummodo
452 1520 570 1582 juffit
589 1556 602 1579 ‚
630 1532 681 1566 ut
706 1518 841 1567 etiam
870 1532 1002 1582 atque
1029 1519 1164 1565 etiam
1191 1528 1400 1574 curaret,
1434 1526 1487 1563 ut

166 1634 170 1638 ,
190 1592 387 1640 sanctum
407 1592 589 1640 haberet
612 1592 763 1640 foedus
778 1628 792 1650 ,
822 1591 949 1655 quod
973 1590 1014 1638 ei
1040 1607 1143 1638 cum
1162 1587 1381 1635 Romanis
1402 1587 1489 1635 esse

190 1665 341 1713 videri
368 1666 525 1729 poffet.
559 1666 799 1725 Dardani,
829 1682 932 1712 cum
961 1664 1189 1712 Bastarnas
1217 1678 1313 1709 non
1343 1661 1490 1708 modo

191 1757 290 1788 non
319 1741 535 1788 excedere
570 1739 735 1788 finibus
766 1740 882 1798 suis,
918 1740 1044 1803 quod
1072 1738 1358 1800 speraverant
1377 1772 1390 1794 ,
1413 1734 1488 1782 sed

193 1815 428 1880 graviores
450 1814 545 1861 fieri
564 1814 611 1860 in
632 1814 725 1861 dies
747 1825 982 1861 cernerent
997 1849 1012 1871 ‚
1033 1810 1237 1858 subnisos
1255 1810 1488 1858 Thracum

194 1889 454 1937 accolarum
471 1890 520 1937 δι
539 1887 881 1936 Scordiscorum
902 1885 1081 1934 auxiliis
1097 1921 1110 1943 ‚
1133 1884 1389 1932 audendum
1409 1883 1492 1930 ali-

193 1962 307 2026 quid
333 1963 410 2010 vel
431 1974 598 2009 temere
616 1962 700 2009 rati
718 1998 731 2020 ‚
751 1976 910 2008 omnes
929 1959 1129 2023 undique
1149 1957 1309 2005 armati
1328 1957 1384 2004 ad
1406 1973 1491 2021 op-

194 2036 379 2100 pidum,
410 2038 538 2100 quod
569 2036 829 2099 proximum
859 2034 1011 2084 castris
1033 2033 1343 2080 Bastarnarum
1370 2043 1496 2091 erat‚’

196 2111 500 2160 conveniunt.
545 2112 700 2159 Hiems
735 2122 860 2169 erat,
894 2112 944 2159 &
975 2110 1020 2156 id
1053 2109 1160 2156 anni
1191 2120 1367 2172 tempus
1397 2106 1493 2153 ele-

195 2197 352 2246 gerant
369 2215 384 2240 ,
409 2196 459 2231 ut
482 2184 682 2232 Thraces
705 2182 1024 2246 Scordiscique
1055 2182 1102 2228 in
1132 2180 1244 2228 fines
1263 2179 1366 2227 suos
1393 2178 1493 2225 abi-

196 2268 313 2306 rent.
360 2258 488 2321 quod
511 2258 590 2304 ubi
624 2258 684 2304 ita
710 2256 874 2303 factum
892 2291 906 2314 ,
939 2256 990 2302 ὅ(
1017 2254 1139 2302 solos
1173 2253 1261 2315 jam
1293 2251 1377 2298 effe
1404 2252 1492 2297 Ba-

198 2330 367 2377 starnas
387 2331 625 2378 audierunt
644 2366 657 2389 ,
688 2329 892 2377 bifariam
913 2327 1127 2376 dividunt
1153 2325 1332 2388 copias:
1357 2339 1492 2386 pars,

199 2414 251 2450 ut
271 2404 394 2453 recto
414 2402 573 2452 itinere
592 2403 646 2451 ad
666 2401 964 2453 lacessendum
983 2417 1040 2449 ex
1059 2409 1216 2464 aperto
1236 2396 1346 2453 iret3
1365 2410 1493 2460 para,
