1618 2715
355 155 893 206 HisToRmRUM
930 154 1051 201 ιιΒ.
1086 154 1205 203 xm.
1318 171 1408 218 455

128 266 251 313 viam
284 264 403 312 filice
438 263 714 310 sternendam
732 298 746 320 ,
769 263 818 309 &
846 260 1086 307 Sinuessam
1108 277 1132 306 a
1159 277 1212 325 ga
1238 262 1263 284 ⁴*
1286 261 1416 307 avia-

126 340 219 386 riae.
250 341 297 384 ln
328 338 398 384 his
427 339 476 385 &
505 336 578 383 clo
601 338 625 360 ⁴*
647 352 723 382 um
754 333 1107 381 circumducend
1126 335 1150 358 ⁴*
1180 335 1229 381 &
1262 332 1416 380 forum

124 410 378 475 porticibus
412 408 694 471 tabernisque
724 405 1053 464 claudendum,
1086 408 1136 454 &
1161 407 1294 453 Janos
1324 418 1416 451 tres

127 482 376 530 faciendos.
407 483 515 528 Haec
536 482 591 528 ab
622 497 716 528 uno
741 479 925 528 censore
957 497 1095 543 opera
1114 480 1291 538 locata,
1312 497 1417 527 cum

126 574 285 619 magna
303 555 441 619 gratia
463 555 754 602 colonorum.
776 555 984 602 Moribus
1006 571 1189 617 quoque
1209 556 1417 618 regendis

128 632 317 695 diligens
338 634 387 679 &
404 630 556 677 severa
574 629 757 677 censura
777 630 876 676 fuit.
897 629 1048 676 multis
1069 630 1176 693 equi
1205 630 1384 677 ademti.

196 708 411 753 XXVIII.
448 706 583 751 Exitu
614 721 758 767 prope
789 704 896 752 anni
926 704 1043 751 diem
1076 722 1217 751 unum
1246 704 1420 767 suppli-

127 781 252 828 catio
273 781 359 826 fuit
389 780 451 827 ob
483 796 552 825 res
577 779 790 842 prospere
819 778 955 842 gestas
977 779 1021 824 in
1053 778 1264 841 Hispania
1286 779 1421 826 dudhr

130 853 425 916 auspicioque
447 855 531 915 Ap.
557 852 738 898 Claudii
762 851 1079 914 proconsulis:
1104 854 1152 900 &
1172 851 1421 914 majoribus

129 926 287 974 hostiis
320 927 484 990 viginti
515 924 825 973 sacrificatum.
865 927 914 972 &
949 926 1134 972 alterum
1170 925 1286 972 diem
1321 926 1422 989 sup-

132 999 318 1062 plicatio
343 1001 398 1046 ad
420 999 598 1046 Cereris
615 1034 628 1055 ,
653 998 829 1055 Liberi,
858 998 1119 1061 Liber-<eque
1150 998 1236 1045 fuit
1252 1035 1266 1057 ,
1293 999 1422 1062 quod

132 1089 189 1119 ex
221 1072 396 1119 Sabinis
424 1085 553 1121 terrae
586 1085 738 1118 motus
769 1071 929 1134 ingens
963 1087 1065 1117 cum
1097 1071 1248 1118 multis
1282 1069 1423 1117 aedifi-

132 1146 311 1193 ciorum
343 1146 484 1192 ruinis
515 1144 747 1192 nuntiatus
777 1158 884 1191 erat,
926 1145 1041 1190 Cum
1084 1146 1168 1205 Ap.
1205 1143 1422 1191 Claudius

131 1239 190 1268 ex
214 1222 426 1286 Hispania
461 1225 655 1269 Romam
684 1220 890 1278 redisset,
919 1219 1122 1268 decrevit
1154 1220 1354 1278 senatus,
1372 1232 1423 1266 ut

132 1307 282 1342 ovans
303 1296 460 1342 urbem
489 1294 635 1341 iniret.
670 1295 763 1341 Jam
799 1292 1049 1340 consularia
1075 1292 1258 1339 comitia
1282 1309 1424 1354 appe·-

133 1365 315 1421 tebant3
340 1367 502 1430 quibus
519 1402 532 1423 ,
554 1383 707 1428 magna
726 1365 1023 1412 contentione
1046 1364 1210 1410 habitis
1231 1377 1420 1425 propter

134 1438 466 1484 multitudinem
488 1438 735 1499 petentium
751 1473 762 1494 ‚
787 1437 921 1484 creati
947 1439 995 1484 L.
1013 1436 1266 1483 Postumius
1285 1436 1420 1481 Albi-

135 1525 218 1554 nus
239 1512 287 1555 &
309 1511 367 1554 M.
389 1510 607 1572 Popillius
636 1512 805 1555 Laenas.
837 1510 1054 1555 Praetores
1081 1508 1182 1554 inde
1211 1506 1313 1552 faffi
1330 1544 1343 1564 ,
1362 1508 1423 1554 N.

135 1581 294 1627 Fabius
317 1583 485 1640 Buteo,
518 1584 581 1627 M.
605 1581 832 1627 Matienus
848 1616 860 1638 ‚
879 1582 934 1627 C.
962 1579 1219 1642 Cicerejus,
1242 1581 1303 1626 M.
1334 1582 1423 1626 Fu-

134 1655 228 1701 rius
252 1654 472 1717 Craffipes
504 1654 666 1701 iterum
682 1691 695 1713 ,
718 1657 771 1700 A.
795 1652 958 1700 Atilius
990 1654 1203 1699 Serranus
1230 1652 1389 1698 iterum
1407 1689 1424 1711 ‚

134 1727 190 1773 C.
222 1725 413 1772 Cluvius
436 1725 598 1771 Saxula
632 1725 809 1771 iterum.
845 1724 1056 1771 Comitiis
1084 1722 1318 1786 perfectis,
1336 1725 1424 1786 Ap.

132 1798 350 1846 Claudius
378 1799 587 1857 Centho,
610 1816 666 1845 ex
696 1797 938 1845 Celtiberis
969 1814 1116 1844 ovans
1141 1815 1244 1844 cum
1274 1797 1320 1843 in
1350 1815 1426 1843 ur-

133 1872 235 1919 bem
269 1872 431 1930 iniret,
454 1872 608 1918 decem
638 1870 780 1916 millia
812 1869 971 1932 pondo
1003 1869 1204 1933 argenti,
1226 1869 1425 1932 quinque

133 1943 274 1990 millia
299 1943 392 1990 auri
424 1944 471 1989 in
505 1943 710 1989 aerarium
741 1941 863 1988 tulit.
902 1941 1079 1987 Flamen
1112 1942 1260 1988 Dialis
1296 1942 1424 1988 inau-

135 2029 316 2081 guratus
348 2015 409 2062 est
439 2017 526 2061 Cn.
554 2013 813 2061 Cornelius.
844 2014 1018 2060 Eodem
1051 2030 1172 2061 anno
1202 2014 1350 2060 tabula
1376 2016 1424 2062 in

132 2089 272 2135 aedem
306 2087 464 2134 Matris
497 2089 684 2134 Matutae
719 2104 822 2133 cum
856 2085 1004 2132 indice
1041 2086 1129 2132 hoc
1160 2087 1303 2149 posita
1330 2088 1425 2134 est:

137 2164 206 2208 Ti.
243 2164 483 2222 Sempronii
517 2162 698 2207 Gracchi
734 2162 919 2221 consulis
955 2163 1124 2221 imperio
1163 2162 1425 2222 auspicioque

131 2239 238 2297 legio
268 2236 545 2295 exercitusque
573 2237 725 2296 populi
750 2236 938 2278 Romani
965 2236 1213 2279 Sardiniam
1241 2234 1424 2295 subegit.

135 2310 181 2352 irz
201 2327 247 2352 ea
258 2311 483 2368 provincia
503 2309 677 2372 hostium
708 2306 810 2366 caesa
832 2322 906 2351 auc
931 2322 1053 2365 capta
1062 2307 1198 2365 supra
1219 2306 1427 2368 offogitzta

136 2383 288 2425 millia.
314 2382 544 2440 Republica
552 2379 786 2442 felisiffiffie
802 2379 909 2442 gesta
924 2414 939 2434 ,
960 2394 1078 2438 atque
1098 2380 1283 2423 liberatis
1303 2379 1427 2424 νεὲἶὶ-

134 2455 301 2516 galibus
322 2455 345 2477 ⁴*
367 2455 554 2520 restitutis
569 2488 581 2511 ,
603 2455 821 2498 exercitum
833 2453 1006 2514 salvum
1032 2469 1151 2513 atque
1182 2454 1426 2499 incolumem
