1618 2715
211 107 306 170 '418
395 106 520 154 T1T1
550 107 690 154 LIVII
727 103 1077 152 HISTORIAR.
1104 105 1208 152 ΗΒ.
1235 106 1334 155 XL.

211 236 311 280 ret,
349 239 443 286 quo
478 221 629 285 priore
660 234 784 266 anno
818 233 876 264 ex
907 228 1102 280 praetura
1133 217 1506 281 triumphaverat.

210 296 468 345 Secundum
494 292 776 354 triumphum
798 289 985 338 comitia
1004 289 1144 337 edixit
1161 326 1174 349 ‚
1195 290 1358 354 quibus
1385 308 1506 338 crea-

209 373 249 419 ti
279 369 487 419 consules
509 367 611 414 sunt
631 368 694 412 M.
715 364 871 413 Junius
892 357 1081 421 Brutus,
1102 365 1156 411 A.
1176 364 1370 411 Manlius
1391 365 1508 410 Vul-

209 443 278 490 so.
303 444 554 488 Praetorum
574 439 706 496 inde,
732 438 876 484 tribus
908 436 1095 493 creatis,
1128 436 1315 482 comitia
1333 448 1508 498 tempe-

210 514 299 561 stas
319 512 512 559 diremit.
541 509 726 574 postero
748 510 820 556 die
850 508 1014 571 reliqui
1032 519 1120 555 tres
1141 507 1244 554 faeti
1268 521 1370 555 ante
1389 509 1507 556 diem

212 597 426 650 quartum
463 583 563 630 Idus
597 583 813 640 Martias,
849 583 913 628 M.
943 579 1142 626 Titinius
1177 581 1361 628 Curvus
1381 616 1396 639 ,
1433 581 1509 630 Ti.

211 658 430 705 Claudius
451 657 578 703 Nero
596 691 610 714 ‚
640 656 697 702 T.
719 653 935 716 Fontejus
956 654 1141 717 Capito.
1178 653 1291 700 Ludi
1313 655 1510 702 Romani

211 730 447 780 instaurati
477 729 533 776 ab
568 728 685 774 aedili
676 729 771 774 bus
804 727 1038 778 curulibus
1070 728 1158 773 Cn
1178 725 1374 773 Servilio
1402 728 1510 773 Cae-

211 806 388 871 pione,
419 805 505 865 Ap.
525 801 722 848 Claudio
746 800 1023 879 Centhone,
1055 810 1242 861 propter
1274 798 1511 862 prodigia,

213 895 320 942 quae
341 884 605 922 evenerant.
638 874 780 919 Terra
802 872 979 918 movit:
1003 871 1049 916 in
1069 870 1181 918 foris
1201 870 1413 951 publicis,
1436 871 1512 917 ubi

213 947 534 999 leffisternium
570 962 692 1005 erat,
729 947 941 992 Deorum
976 945 1150 1006 capita,
1176 961 1277 1007 quae
1309 943 1357 990 in
1391 943 1514 992 leffis

215 1035 376 1079 erant,
404 1032 667 1068 averterunt
703 1018 774 1074 se;
810 1019 999 1079 lanaque
1028 1034 1130 1063 cum
1160 1016 1476 1080 integumentis
1496 1053 1511 1075 ,

215 1114 320 1161 quae
354 1094 462 1143 Jovi
495 1092 706 1155 oppofita
738 1089 858 1147 fuit,
899 1089 1081 1136 decidit.
1121 1089 1175 1136 de
1207 1088 1356 1135 mensa
1387 1089 1510 1135 oleas

218 1183 365 1230 quo(1
353 1182 405 1212 ie
437 1162 716 1226 praegustasse
748 1178 928 1218 mures,
963 1161 1011 1206 in
1041 1160 1298 1224 prodigium
1332 1157 1509 1206 versum

218 1239 296 1286 est
330 1239 402 1285 Ad
435 1254 486 1284 ea
511 1235 732 1299 expianda
763 1233 879 1280 nihil
911 1232 1028 1280 ultra
1045 1267 1060 1292 ‚
1093 1249 1230 1296 quam
1250 1244 1300 1279 ut
1326 1231 1448 1278 ludi
1438 1247 1511 1278 m·

220 1314 553 1371 fiaurarentur,
581 1310 731 1357 aetum
761 1308 841 1355 est.
