1618 2715
294 131 828 182 HisToxziARUM
864 124 989 178 ΜΒ.
1024 130 1283 179 xxxvia.
1362 138 1455 196 ιη*

232 239 502 288 XX11.-Sub
529 238 645 285 idem
678 249 852 300 tempus
877 240 926 285 L.
961 237 1154 283 Manlius
1182 238 1231 284 ὃ(
1260 239 1312 284 C.
1344 239 1458 284 Hel-⁴

164 313 274 360 vius
294 346 309 369 ‚
343 329 444 359 cum
461 347 476 371 ,
507 311 657 375 quoad
676 310 798 356 viam
824 309 964 356 colles
995 309 1172 371 obliqui
1208 310 1458 370 dederunt,

169 383 488 441 estendiffem,
514 383 750 446 postquam
777 383 832 429 ad
851 381 975 429 invia
998 395 1187 429 ventum
1210 382 1270 428 est
1288 419 1301 440 ‚
1320 383 1460 430 flexe-

172 475 221 504 re
257 458 339 503 iter
371 457 419 502 in
445 469 617 518 partem
645 455 814 502 montis
832 491 845 513 ‚
877 472 980 518 quae
1010 472 1099 500 una
1127 455 1319 501 habebat
1346 456 1461 514 iter;

172 531 224 577 &
242 529 365 594 sequi
384 528 580 576 consulis
600 545 757 592 agmen
777 563 790 586 ‚
816 527 1004 575 modico
1024 540 1212 591 uterque
1239 528 1461 576 interval-

171 603 222 650 lo
244 638 259 661 ‚
296 603 425 650 velut
452 620 509 648 ex
538 602 794 664 compofito
812 636 825 658 ‚
854 614 1124 664 coeperunt:
1155 603 1282 665 quod
1307 602 1462 664 primo

171 677 402 740 optimum
431 675 549 723 faE'm
574 676 748 735 fmffet,
776 676 822 721 in
856 675 903 721 id
934 675 1181 723 neceffitate
1210 676 1301 739 ipsa
1329 694 1462 724 com-

174 747 302 811 pulsi.
333 747 533 794 Subfidia
567 747 688 793 enim
713 747 760 794 in
791 747 953 794 talibus
983 746 1298 811 iniquitatibus
1325 748 1463 795 loco-

173 837 277 868 tum
308 820 510 866 maximo
539 818 653 881 saepe
681 819 780 866 usui
808 819 1018 867 fuerunt:
1049 831 1126 878 ut,
1159 819 1315 882 primis
1344 820 1465 866 forte

177 891 420 939 deturbatis
438 926 454 948 ‚
473 889 654 938 secundi
683 892 732 938 &
757 903 909 954 tegant
932 890 1106 954 pulsos,
1127 893 1177 939 &
1196 892 1361 956 integri
1383 909 1469 954 pu-

177 983 310 1029 gnam
331 964 574 1027 excipiant.
605 964 809 1023 Consul,
829 965 1065 1028 postquam
1088 967 1143 1011 ad
1160 966 1361 1012 tumulos
1377 1002 1390 1023 ‚
1409 967 1466 1012 ab

178 1040 271 1090 ievi
295 1051 515 1085 armatura
534 1050 690 1100 captos
705 1074 718 1096 ,
742 1037 887 1100 prima
909 1038 1031 1101 signa
1049 1038 1277 1101 legionum
1301 1056 1469 1100 perve-

173 1125 345 1160 nerunt
359 1145 374 1168 ‚
395 1111 607 1174 respirare
627 1113 675 1158 ὃ(
698 1111 1020 1175 conquiescere
1039 1112 1257 1174 paulisper
1278 1113 1470 1160 militem

180 1186 336 1250 juben
368 1186 497 1232 fimul
523 1184 651 1232 strata
680 1201 759 1248 per
784 1187 985 1231 tumulos
1008 1201 1207 1247 corpora
1227 1186 1472 1232 Galiorum

182 1260 403 1308 ostentat:
437 1262 520 1316 Et,
556 1278 647 1305 cum
676 1261 782 1305 levis
809 1277 1022 1305 armatura
1049 1265 1130 1305 cale
1151 1263 1346 1321 proelium
1379 1263 1474 1305 edi-

182 1338 288 1381 derit
304 1370 317 1392 ,
352 1337 455 1394 quid
471 1335 522 1378 ab
541 1335 770 1394 legionibus
790 1368 804 1388 ‚
832 1336 934 1394 quid
960 1337 1012 1379 ab
1036 1335 1163 1398 jlstl5
1188 1339 1316 1379 armis
1332 1370 1343 1385 ,
1371 1338 1474 1395 quid

182 1410 238 1453 ab
263 1409 418 1453 animis
424 1404 737 1467 fortg'ffimorum
761 1410 941 1452 militum
965 1408 1223 1466 exspcflari?
1253 1408 1395 1471 Castra
1416 1412 1475 1453 il-

184 1484 240 1526 lis
266 1482 468 1539 capienda
505 1476 600 1541 effe,
635 1482 679 1524 in
714 1497 798 1539 quae
831 1482 1064 1540 compulsits
1089 1483 1141 1525 ab
1178 1484 1258 1526 levi
1287 1498 1476 1527 armatu-

186 1573 235 1601 ra
258 1553 379 1618 kcfiis
407 1554 585 1613 trepidet.
616 1551 869 1598 Praecedere
898 1566 1047 1599 tamen
1070 1553 1194 1614 jubet
1224 1555 1370 1600 levem
1402 1572 1478 1601 ar-

186 1638 435 1672 maturam:
468 1641 597 1687 quae,
622 1641 725 1671 cum
747 1624 875 1670 staret
892 1642 1074 1688 agmen,
1106 1626 1370 1688 colligendis
1399 1644 1477 1688 per

189 1697 390 1745 tumulos
416 1697 541 1755 telis,
568 1708 618 1743 ut
637 1695 810 1742 miffilia
829 1695 1077 1742 sufficerent
1093 1731 1107 1753 ,
1134 1696 1254 1742 haud
1280 1696 1410 1758 segne
1431 1696 1480 1742 id

189 1771 334 1835 ipsum
363 1784 541 1833 tempus
571 1768 884 1816 consumserat.
921 1770 1013 1815 Jam
1049 1768 1198 1815 castris
1229 1770 1480 1832 appropin-

189 1845 418 1909 quabant:
451 1846 501 1891 &
526 1842 674 1900 Gaui,
697 1858 753 1887 ne
775 1859 932 1904 parum
957 1842 996 1888 se
1021 1843 1299 1889 munimenta
1320 1842 1394 1888 sua
1412 1857 1480 1889 te-

190 1931 378 1982 gerent,
397 1915 554 1963 armati
574 1932 658 1978 pro
681 1913 806 1962 vallo
827 1913 1132 1962 constiterant.
1166 1916 1320 1962 obruti
1351 1916 1484 1962 dein-

193 1994 250 2038 de
276 1992 403 2038 omni
424 2006 583 2055 genere
603 1989 795 2035 telorum
811 2025 825 2047 ‚
849 2005 950 2036 cum
965 2024 978 2047 ,
999 2005 1092 2051 quo
1119 1989 1266 2052 plures
1294 2007 1344 2037 ac
1370 1990 1484 2036 den-

195 2066 333 2113 fiores
366 2078 525 2124 erant,
557 2080 614 2111 eo
643 2064 789 2111 minus
819 2063 927 2111 vani
963 2064 1207 2127 quidquam
1241 2064 1485 2110 intercide-

197 2155 265 2188 ret
293 2140 401 2197 teli,
423 2140 541 2185 intra
565 2138 734 2184 vallum
760 2149 997 2184 momento
1025 2136 1244 2199 temporis
1277 2136 1486 2198 compel-

197 2215 383 2270 luntur,
422 2211 689 2258 stationibus
720 2222 895 2257 tantum
928 2208 1066 2256 firmis
1100 2210 1155 2255 ad
1188 2208 1308 2271 ipsos
1340 2209 1487 2256 aditus

199 2300 432 2352 portarum
453 2286 630 2333 reliffis.
667 2288 716 2332 In
734 2282 1073 2332 multitudinem
1088 2319 1101 2339 ‚
1122 2282 1398 2344 compulsam
1439 2283 1490 2328 in

200 2361 338 2410 castra
357 2396 371 2420 ‚
399 2362 468 2408 vis
493 2361 647 2423 ingens
669 2359 895 2406 miffilium
916 2358 1110 2405 telorum
1135 2356 1490 2417 conjiciebatur:

196 2435 277 2494 &2
290 2433 524 2482 ,vulnerari
544 2433 736 2493 multos,
756 2432 954 2495 clamor,
979 2431 1229 2541 permigus
1247 2430 1490 2482 mulierum

1209 2512 1234 2542 2
