1618 2715
156 109 249 164 234‘
519 97 1087 169 T1T1LIV11

151 214 233 277 qui
260 212 477 277 ingrefl‘os
494 211 542 260 in
561 211 701 261 castra
719 212 775 260 ab
804 211 1058 276 direptione
1077 211 1328 261 abstrahere
1348 217 1449 261 nori

152 300 355 352 poterat,
375 303 453 334 eos
469 323 482 345 ,
504 286 583 351 qui
611 285 659 332 in
688 285 907 336 cornibus
936 284 1114 332 fuerant
1130 322 1144 345 ‚
1162 286 1368 349 protinus
1388 285 1449 333 ad

150 359 404 425 sequendos
429 357 579 405 hostes
599 356 730 405 misit.
762 374 840 419 per
859 355 1133 418 aliquantum
1161 357 1348 420 spatium
1378 356 1446 403 se-

151 434 250 483 cuti
264 470 279 493 ‚
298 449 392 480 non
418 432 520 495 plus
539 444 690 478 tamen
716 432 823 478 οᾶο
845 430 984 477 millia
1014 430 1253 478 hominum
1274 431 1320 477 in
1341 429 1446 494 fuga

152 506 178 569 (
195 523 295 553 nam
316 501 466 569 pugna
485 503 612 551 nulla
633 502 751 568 fuit)
775 504 1034 551 ceciderunt
1054 520 1066 550 ε
1085 503 1249 568 reliqui
1277 502 1448 550 flumen

151 578 308 642 Halyn
338 575 621 637 trajecerunt.
641 577 962 623 Romanorum
991 592 1150 639 magna
1167 593 1268 639 pars
1289 592 1339 621 ea
1357 591 1449 621 no-

149 651 222 700 &e
252 652 302 698 in
333 652 529 698 hostium
570 649 723 698 castris
755 650 943 705 manfit3
973 661 1147 696 ceteros
1184 649 1230 696 in
1262 649 1334 696 sua
1376 666 1448 695 ca·

152 726 238 773 stra
268 725 429 775 consul
458 724 655 773 reduxit.
682 723 869 771 Postero
901 724 972 770 die
1003 724 1209 786 captivos
1230 724 1448 786 praedam-

153 815 245 865 que
264 799 514 857 recensuit3
534 816 636 864 quae
670 811 792 846 tanta
820 797 937 856 fuit,
959 810 1171 862 quantam
1202 797 1450 844 avidiffima

153 873 360 937 rapiendi
378 889 488 938 gens
505 909 519 932 ,
539 889 641 920 cum
660 871 722 919 cis
743 882 947 918 montem
979 871 1180 918 Taurum
1210 871 1365 917 omnia
1381 886 1451 916 ar-

152 947 238 995 mis
273 963 352 1010 per
387 946 555 994 multos
590 944 800 992 tenuiffet
839 960 1017 1000 annos,
1052 961 1325 993 coacervare
1362 960 1450 1007 po·-

153 1019 254 1066 1uit.
288 1018 410 1065 Galli
425 1054 440 1077 ,
459 1035 516 1066 ex
536 1016 736 1080 dissipata
756 1015 910 1079 paffim
939 1016 1043 1080 fuga
1063 1017 1111 1062 in
1133 1034 1275 1063 unum
1294 1016 1459 1063 locum

152 1089 445 1154 congregati,
474 1105 633 1153 magna
651 1104 750 1150 pars
783 1086 920 1134 saucii
951 1101 1028 1135 aut
1047 1087 1265 1146 inermes,
1297 1086 1452 1134 nudati

153 1162 367 1210 omnibus
387 1161 518 1208 rebus
533 1192 547 1214 ‚
569 1171 777 1206 oratores
811 1159 866 1205 de
893 1176 1005 1221 pace
1027 1159 1083 1205 ad
1115 1159 1348 1206 consulem
1369 1159 1452 1206 mi-

153 1235 320 1283 serunt.
354 1236 446 1280 Eos
480 1231 681 1279 Manlius
719 1230 941 1294 Ephesum
975 1232 1133 1280 venire
1165 1231 1297 1292 iuflit.
1334 1230 1453 1294 ipse,

153 1309 280 1374 (jam
299 1308 422 1355 enim
441 1307 640 1355 medium
659 1306 862 1354 autumni
882 1305 1011 1370 erat)
1041 1306 1155 1354 locis
1173 1305 1326 1370 gelidis
1346 1302 1455 1368 pro·

155 1382 410 1448 pinquitate
444 1380 585 1428 Tauri
617 1379 789 1427 montis
820 1379 1040 1427 excedere
1075 1396 1352 1443 properans,
1379 1378 1456 1425 vi-

155 1457 329 1505 &orem
347 1454 595 1502 exercitum
615 1453 662 1500 in
680 1452 866 1500 hiberna
886 1452 1122 1500 maritimae
1149 1469 1244 1500 orae
1261 1451 1460 1499 reduxirss

223 1529 442 1576 XXVIII.
473 1528 601 1573 Dum
622 1527 719 1574 haec
741 1526 788 1574 in
814 1526 912 1573 Afia
940 1538 1185 1590 geruntur,
1214 1526 1261 1572 in
1295 1524 1458 1573 ceteris

159 1600 415 1666 provinciis
438 1597 687 1661 tranquillae
714 1614 781 1644 res
807 1598 1002 1646 fuerunt,
1037 1598 1262 1645 Censores
1293 1598 1459 1644 Romae

160 1674 220 1721 T.
245 1670 486 1732 Quinftius
506 1670 781 1717 Flamininus
803 1672 850 1718 δε
881 1672 943 1716 M.
963 1670 1181 1717 Claudius
1212 1669 1457 1716 Marcellus

160 1745 362 1794 :senatum
384 1741 679 1806 perlegerunt.
700 1742 910 1805 princeps
930 1741 975 1786 in
999 1740 1148 1788 senatu
1175 1740 1359 1787 tertium
1389 1739 1454 1786 le-

160 1819 257 1866 ostus
293 1818 338 1863 P.
372 1815 524 1879 Scipio
561 1814 816 1862 Africanus.
865 1826 1061 1878 quatuor
1108 1813 1192 1860 soli
1240 1810 1456 1875 praeteriti

163 1890 293 1949 sunt,
316 1905 451 1936 nemo
481 1887 627 1936 curuli
655 1887 754 1934 usus
777 1887 975 1933 honore
998 1888 1048 1934 &
1079 1886 1125 1932 in
1155 1887 1356 1948 equitatu
1384 1901 1463 1931 re--

163 1963 390 2012 censendo
416 1961 537 2009 mitis
562 1962 807 2009 admodum
828 1960 1011 2008 censura
1030 1959 1128 2006 fuit.
1153 1957 1457 2005 Substruffio-

165 2053 271 2084 nem
293 2036 422 2099 super
433 2034 766 2099 AEquimaeliurn
787 2034 833 2079 in
851 2032 1110 2097 Capitolio,
1127 2034 1176 2080 δε
1197 2031 1317 2078 viam
1338 2030 1464 2076 filice

166 2109 445 2156 sternendam
473 2125 497 2154 a
522 2120 656 2172 porta
681 2108 865 2170 Capena
894 2107 949 2153 ad
980 2103 1137 2151 Martis
1171 2102 1462 2149 locaverunt*⁰

161 2181 392 2246 ‘Campani
409 2218 424 2241 ‚
444 2181 522 2229 ubi
549 2180 834 2229 censerentur
850 2217 864 2237 ,
888 2180 1088 2226 senatum
1118 2177 1463 2224 consuluerunt.

169 2258 429 2317 decretum,
458 2256 525 2303 uti
554 2257 718 2303 Romae
753 2254 1054 2302 censerentur.
1086 2255 1224 2315 Aquae
1253 2251 1465 2314 ingentes,

169 2347 228 2378 eo
253 2348 374 2378 anno
395 2331 587 2378 fuerunt.
620 2329 798 2376 Tiberis
822 2329 1068 2374 duodecies
1093 2343 1300 2388 campum
1332 2325 1459 2369 Mar·-¹
1505 2355 1507 2357 ψ

170 2403 289 2454 {ium
334 2405 558 2470 planaque
592 2403 714 2454 urbis
750 2401 1004 2456 inundavit.
1045 2399 1117 2447 Ab
1151 2399 1240 2448 Cn.
1280 2395 1464 2457 Manlio,
