1618 2715
219 140 344 188 TITI
372 137 510 185 L1V11
530 134 875 183 HISTORIAR.
899 133 1001 179 Lm.
1022 132 1265 178 XXXVII.
1341 146 1426 194 119

199 246 394 299 Regillus,
411 244 476 296 qui
501 243 699 295 praefec‘tos
725 240 907 282 Antiochi
936 238 1305 279 navali'certamine
1325 239 1431 277 vice-

201 318 277 358 rat,
299 306 472 354 navalem
489 303 730 355 triumphum
758 303 876 342 duxit.
900 301 944 341 L„
973 299 1172 340 Cornelius
1198 299 1347 349 Scipio,
1365 302 1429 350 qui

148 419 150 421 ¹
201 385 288 411 cum
308 369 500 411 Antiocho
518 367 775 408 debellaverat
791 396 802 416 ,
821 363 1053 417 cognomine
1070 362 1173 401 fratri
1189 371 1408 412 exaequatus
1421 393 1431 411 ,

199 434 382 474 Afiaticus
401 430 613 482 appellatus
631 429 699 470 esto
991 425 995 433 ²

144 612 176 656 J.
196 543 318 665 L
336 608 604 654 CORNEmo
627 604 889 658 SCIPIONE,
909 599 963 647 C.
979 597 1119 667 Laelio
1145 596 1428 655 consulibus,

146 680 271 728 nulla
299 680 422 742 prius
450 677 691 726 secundum
718 673 959 738 religiones
987 672 1079 718 asta
1107 671 1151 717 in
1181 670 1335 717 senatu
1363 686 1432 716 res

144 755 233 814 est,
254 771 385 818 quam
406 754 459 800 de
482 751 659 800 AEtolis.
679 752 734 796 Et
754 747 885 812 legati
906 763 1063 793 eorum
1090 744 1308 803 institere,
1328 744 1431 808 quia

144 827 332 874 brevem
353 825 633 873 induciarum
654 823 770 870 diem
791 821 1035 875 habebant3
1059 819 1107 866 &
1129 818 1182 864 ab
1202 817 1258 865 T.
1279 817 1430 877 Quin-

146 901 266 957 &io‚
297 899 377 962 qui
409 912 504 944 tum
535 897 728 941 Romam
759 910 813 940 ex
846 892 1019 940 Graecia
1051 890 1266 946 redierat,
1292 888 1429 949 adjuti

146 973 261 1019 sunt.
281 969 421 1017 AEtoli
437 1005 452 1027 ,
470 980 521 1015 ut
544 967 704 1031 quibus
726 966 825 1028 plus
848 965 893 1011 in
915 963 1216 1011 misericordia
1236 962 1429 1020 senatus,

147 1063 281 1110 quam
308 1044 355 1090 in
380 1042 532 1100 causa,
554 1040 645 1104 spei
666 1040 797 1097 esset,
831 1037 1090 1101 suppliciter
1110 1048 1321 1100 egerunt,
1346 1053 1429 1082 ve-

145 1117 316 1165 teribus
341 1114 581 1163 benefaffls
615 1130 738 1161 nova
770 1111 999 1176 pensantes
1027 1108 1257 1157 maleficia.
1292 1110 1428 1155 Cete-

145 1208 245 1238 rum
275 1192 323 1237 &
344 1187 591 1254 praesentes
614 1183 1047 1248 interrogationibus
1071 1180 1270 1244 undique
1303 1180 1428 1226 sena-

145 1277 298 1312 torum
315 1299 329 1323 ,
351 1262 672 1324 cvonfeffionem
694 1259 833 1323 magis
861 1275 1018 1315 nox-ae,
1039 1273 1172 1320 quam
1195 1254 1400 1317 responsa
1415 1289 1428 1311 ‚

146 1337 522 1401 exprimentium,
558 1332 728 1397 fatigati
768 1332 898 1389 sunt,
935 1333 1014 1386 &,
1055 1330 1269 1377 excedere
1306 1327 1429 1376 curia

144 1409 241 1472 juffi
257 1446 271 1468 ,
300 1412 510 1472 magnum
536 1417 757 1453 certamen
778 1404 1022 1468 praebuere.
1053 1401 1155 1448 Plus
1182 1400 1271 1458 ira,
1292 1417 1428 1463 quam

145 1481 449 1530 misericordia
464 1515 477 1538 ,
497 1480 542 1526 in
563 1478 686 1525 causa
717 1493 878 1523 eorum
898 1474 1079 1523 valebat
1096 1491 1109 1530 ;
1129 1473 1232 1537 quia
1261 1489 1357 1518 non
1379 1484 1428 1520 ut

146 1552 348 1599 hostibus
374 1552 515 1597 modo
533 1583 546 1606 ‚
574 1549 645 1596 sed
675 1561 884 1610 tanquam
907 1545 1140 1592 indomitae
1167 1546 1216 1592 &
1235 1543 1428 1591 insocia-

140 1623 227 1673 bili
247 1623 367 1686 genti
383 1658 396 1680 ‚
420 1620 748 1669 succensebant.
780 1621 863 1665 Per
882 1618 1056 1681 aliquot
1076 1616 1169 1663 dies
1200 1633 1302 1663 cum
1336 1633 1431 1662 cer-

146 1707 286 1744 tatum
319 1696 451 1754 effer,
481 1695 710 1758 postremo
754 1709 898 1755 neque
937 1692 1062 1750 dari,
1084 1707 1230 1754 neque
1277 1689 1429 1753 negari

146 1787 303 1834 pacem
328 1768 504 1832 placuit.
537 1769 637 1815 duae
666 1765 954 1814 conditiones
981 1764 1042 1811 eis
1071 1764 1172 1810 latae
1203 1763 1332 1810 sunt:
1354 1761 1430 1809 vel

148 1843 319 1891 senatui
350 1843 540 1890 liberum
575 1840 808 1888 arbitrium
842 1839 894 1884 de
922 1838 963 1884 se
993 1837 1329 1900 permitterent3
1352 1835 1430 1882 vel

147 1917 270 1964 mille
311 1917 524 1964 talentum
567 1915 754 1972 darent,
784 1912 1052 1973 eosdemque
1086 1910 1256 1956 amicos
1299 1922 1430 1972 atque

150 1990 361 2038 inimicos
380 1991 608 2037 haberent.
627 1987 889 2049 Exprimere
910 1984 1190 2046 cupientibus
1209 2020 1221 2041 ‚
1240 2000 1430 2047 quarum

152 2080 299 2109 rerum
335 2062 380 2108 in
409 2062 450 2108 se
483 2061 714 2108 arbitrium
747 2057 916 2105 senatui
953 2057 1293 2120 permitterent,
1318 2055 1429 2100 nibil

151 2137 262 2183 certi
297 2135 553 2198 responsum
585 2133 659 2180 est.
690 2133 749 2178 ita
775 2131 935 2178 infecta
972 2147 1082 2193 pace
1110 2129 1267 2175 dimiffi
1286 2165 1298 2187 ‚
1322 2128 1430 2174 urbe
1458 2129 1462 2134 ’

153 2210 314 2255 eodem
350 2207 594 2266 die‚1talia
628 2208 744 2253 intra
785 2204 1045 2269 quindecim
1087 2203 1178 2248 dies
1212 2203 1435 2249 excedere>

151 2279 263 2341 juffi.
288 2282 407 2326 Tum
428 2279 481 2325 de
501 2276 735 2325 consuium
767 2275 1020 2338 provinciis
1048 2290 1249 2336 coeptum
1269 2274 1328 2320 est
1346 2275 1428 2337 agi.

152 2355 301 2402 Ambo
336 2354 559 2402 Graeciam
596 2352 847 2415 cupiebant.
878 2351 1075 2397 Muitum
1109 2349 1270 2396 Laelius
1302 2349 1347 2394 in
1366 2349 1430 2395 se·-

152 2441 261 2476 natu
290 2440 480 2493 poterat.
501 2428 536 2476 is
552 2463 567 2488 ,
589 2444 690 2476 cum
714 2426 885 2473 senatus
904 2436 982 2471 aut
1007 2422 1185 2480 sortiri,
1206 2435 1281 2469 aur
1301 2423 1428 2469 εοῑὴ5

1070 2495 1111 2540 H
1146 2510 1176 2553 4
