1618 2715
198 130 295 179 „450
571 113 1149 161 T1T1L1V11

200 225 314 285 regni
340 223 447 268 heres
461 221 545 286 fit,
575 223 681 281 quid
704 237 856 281 parent
883 223 1168 279 Macedones,
1190 224 1299 284 quid
1322 226 1498 286 cogitent

200 298 408 343 Romani.
433 299 526 341 Nos
553 311 692 339 autem
711 296 853 354 ,‚qui
874 312 946 339 nec
973 297 1023 339 ob
1055 313 1177 355 quam
1209 297 1406 356 causam,
1427 316 1500 344 nec

198 373 542 433 quemadmodum
570 370 740 428 perierit
773 369 1046 424 Demetrius,
1075 369 1264 429 scimus,
1289 389 1365 416 nec
1395 374 1500 432 quid

201 448 424 506 Philippus
437 443 503 507 ,si
517 439 705 505 vixiffic‚
717 428 1093 500 faHurusfuerat,
1114 445 1175 487 ad
1187 445 1268 490 lzaec
1280 479 1295 500 ‚
1315 463 1401 505 quae
1412 464 1497 505 pa-

198 525 286 565 lam
312 533 534 579 geruntur,
556 515 733 580 confilia
750 516 888 582 nostra
915 519 1222 562 accommodare
1242 535 1408 578 oportet.
1427 523 1498 565 Ac

188 593 378 653 scimus,
404 590 575 650 Persea,
595 606 715 650 regno
735 604 921 648 accepto,
943 591 1004 634 ad
1020 593 1177 651 legatos
1196 593 1416 639 Romanos
1432 613 1500 640 ve-

199 665 326 731 πέσε,
347 684 397 711 ac
417 682 543 727 regem
566 665 716 726 Persea
739 682 766 708 a
786 668 948 724 populo
979 666 1176 710 Romano
1206 669 1489 726 appellatum.
1483 687 1499 698 ·

200 745 337 788 audin.
349 758 399 785 us
416 775 427 795 ‚
449 744 606 800 legatos
637 742 856 782 Romanos
876 735 1022 801 veniſje
1039 741 1099 783 ad
1115 756 1267 799 regem,
1290 737 1331 784 fa*
1349 757 1415 785 eos
1432 743 1500 784 be-

200 818 326 874 nigne
353 828 558 872 exceptos.
589 810 695 855 Haec
726 814 871 856 omnia
895 813 1017 870 pacis
1054 813 1235 870 equidem
1255 811 1388 875 stgna
1423 811 1498 874 effe

190 887 364 945 judico,
395 902 481 929 non
514 884 610 927 belli
629 901 644 927 :
668 901 740 927 nec
773 884 994 928 Romanos
1024 879 1186 944 offendi
1213 880 1428 948 poffl‚fi,
1448 900 1496 929 ut

199 963 348 1006 bellum
374 973 550 1020 gerentes
570 973 637 1002 eos
650 957 781 1016 secuti
789 957 960 1017 ficmuS,
983 975 1097 1002 nunc
1112 975 1267 1018 quoque
1274 961 1400 1018 pacis
1417 977 1497 1004 au·-

199 1033 322 1079 flores
339 1033 576 1093 sequamur.
619 1049 691 1076 cur
723 1033 884 1092 quidem
913 1049 990 1077 nos
1019 1034 1274 1091 inexpiabile
1303 1034 1495 1078 omnium.

187 1104 281 1165 soli
299 1105 447 1148 bellum
473 1104 670 1163 adversus
690 1122 856 1165 regnum
880 1106 1160 1150 Macedonum
1177 1122 1386 1165 geramus,
1405 1124 1494 1150 non

196 1178 332 1223 video.
359 1176 598 1235 Opportuni
611 1179 924 1237 propinquitate
941 1177 1031 1237 ipsa
1053 1180 1310 1222 Macedoniae
1314 1179 1468 1238 sumus
1473 1197 1496 1234 ‚-

197 1269 257 1296 an
276 1248 537 1311 infirmiffi'mi
554 1252 742 1295 omnium
759 1286 771 1307 ‚
791 1267 992 1311 tanquam
1007 1286 1020 1307 ,
1040 1267 1143 1311 quos
1161 1269 1291 1310 nuper
1292 1251 1495 1310 subjecit,

201 1325 434 1383 Dolopes?
452 1326 578 1369 immo
609 1340 752 1370 contra
781 1343 848 1380 ea,
870 1328 937 1369 vel
959 1325 1119 1369 viribus
1146 1324 1293 1390 nostris
1309 1358 1322 1379 ,
1346 1325 1495 1369 Dciim

198 1398 474 1458 benignitate,
492 1401 559 1443 vel
575 1400 753 1459 regionis
777 1400 998 1443 intervallo
1019 1400 1111 1443 tuti.
1130 1398 1371 1457 Sea'sumus
1388 1417 1497 1459 aeque

188 1473 392 1534 fitbjec‘li,
420 1491 468 1518 ac
490 1472 672 1535 leeffali
689 1475 904 1534 AEtolique
916 1491 935 1527 ,·
956 1474 1092 1518 nihilo
1102 1476 1205 1534 plus
1221 1472 1331 1531 fidei
1354 1473 1498 1518 auHo-

196 1550 315 1593 ritati
335 1547 409 1607 ilice
426 1548 619 1592 habemus
636 1548 835 1607 adversus
860 1548 1109 1603 Romanos,
1133 1549 1203 1606 qui
1214 1545 1379 1607 semper
1381 1547 1498 1605 socii

196 1637 317 1681 atque
348 1624 476 1666 amici
494 1620 692 1680 ficimus,
715 1639 841 1681 quam
869 1623 1010 1668 AEtoli
1024 1655 1038 1676 ‚
1059 1623 1127 1681 qui
1142 1625 1277 1681 paulo
1297 1636 1394 1680 ante
1412 1622 1494 1666 lzo-

183 1696 275 1757 stes
285 1694 475 1753 fuerunt.
510 1697 643 1756 Quod
662 1698 826 1741 AEtolis
839 1731 854 1752 ,
873 1698 988 1756 quod
1007 1692 1230 1759 leeſjalis,
1249 1694 1362 1754 quod
1380 1695 1494 1753 Epi-

193 1770 296 1814 rotis
304 1804 320 1823 ,
337 1770 453 1812 omni
471 1770 642 1828 denique
657 1767 848 1824 Gracia,
865 1786 958 1812 cum
973 1768 1280 1813 Macedonibus
1292 1763 1406 1819 juris
1423 1765 1495 1830 est,

194 1845 301 1889 idem
325 1841 368 1889 ἐπ”
386 1845 508 1888 nobis
515 1843 588 1907 sit.
610 1842 652 1889 δ’
666 1861 737 1888 cur
751 1844 1016 1903 exsecrabilis
1032 1844 1107 1909 ista
1119 1840 1361 1900 nobisfhlis
1383 1845 1494 1886 velut

196 1916 367 1976 desertio
397 1915 509 1971 juris
538 1917 715 1962 leumani
749 1916 832 1981 est?
852 1917 1008 1964 Fecerit
1035 1913 1204 1973 aliquid
1235 1913 1493 1972 Philippus,

195 2008 270 2036 cur
295 1990 492 2049 adversus
511 2009 598 2036 eum
630 2005 839 2036 armatum
864 1987 906 2036 ὃ*
932 1991 1079 2034 bellum
1099 2001 1296 2048 gerentem
1317 1988 1391 2031 lzoc
1417 1989 1488 2031 de-

195 2081 440 2109 cerneremus
459 2079 476 2106 :
506 2065 608 2123 quid
634 2063 832 2123 Perseus,
863 2079 1001 2107 novus
1032 2078 1132 2116 rex,
1161 2061 1300 2104 omnis
1328 2058 1495 2115 injurice

197 2138 346 2198 insons
362 2172 376 2192 ‚
401 2136 488 2195 fico
523 2138 714 2195 beneficio
738 2152 943 2197 paternas
963 2133 1203 2199 simultates
1243 2134 1492 2188 obliterans,

196 2214 379 2258 meruit?
400 2230 473 2257 cur
486 2213 578 2273 soli
608 2213 795 2256 omnium
817 2211 944 2276 hostes
964 2212 1000 2254 ei
1018 2208 1210 2269 sumus?
1234 2208 1491 2268 Quanquam

195 2283 240 2331 ὃ*
265 2288 377 2331 illud
396 2289 523 2332 dicere
547 2303 758 2347 poteram,
789 2301 910 2331 tanta
926 2286 1114 2345 priorum
1139 2282 1398 2326 Macedoniae
1426 2297 1491 2323 re-

193 2377 291 2421 gum
308 2362 454 2405 merita
474 2376 567 2421 erga
597 2378 675 2405 nos
684 2357 837 2424 fuiffiae,
861 2375 907 2404 ut
927 2358 1114 2417 Philippi
1133 2356 1256 2400 unius
1275 2351 1462 2408 injurias
1474 2386 1491 2407 ,

181 2432 235 2496 si
254 2450 339 2498 quae
354 2431 470 2492 forte
481 2427 730 2492 ficerunt‚*
749 2435 887 2492 utique
899 2430 995 2495 poll
1010 2442 1193 2474 mortem.
1229 2425 1331 2470 Cum
1353 2423 1490 2487 claffis
