1618 2715
276 107 824 158 HISTORIARUM
861 106 982 151 LIB.
1017 104 1220 151 XXXV.
1342 116 1402 163 23

122 221 172 269 id
196 236 258 265 me
275 236 410 265 verum
430 218 556 262 dicere
569 251 581 270 ‚
600 231 721 275 pater
739 213 964 258 Hamilcar
987 207 1029 255 ἃ
1048 210 1138 253 Dii
1157 208 1267 273 testes
1281 207 1408 268 sime·³

121 293 306 339 Proinde
321 324 334 346 ,
355 307 446 334 cum
473 291 521 333 de
541 290 642 332 hello
664 288 859 331 Romano
880 284 1080 344 cogitabis
1093 315 1107 337 ,
1129 284 1233 325 inter
1242 283 1411 339 primos

123 366 281 409 amicos
313 363 601 406 Hannibalem
633 360 794 403 habeto.
822 355 872 419 s
900 373 983 416 qua
1019 371 1077 399 res
1109 369 1144 398 te
1177 355 1236 396 ad
1258 370 1406 411 pacem

124 437 358 493 compellet,
379 436 424 478 in
454 435 502 478 id
526 430 640 494 cons
619 434 738 475 lcum
772 431 935 483 alium,
952 445 1042 472 cum
1075 443 1153 485 quo
1182 426 1409 479 deliberes,

121 509 300 566 quaerito.
320 506 444 552 Non
476 503 627 550 movit
652 501 791 548 modo
823 499 922 546 talis
954 497 1100 545 oratio
1128 512 1308 560 regem,
1333 493 1410 540 sed

89 574 97 579 ’
122 579 256 625 etiam
282 578 601 626 reconciliavit
633 573 888 622 Hannibali
919 575 986 620 Ex
1013 570 1203 619 consilio
1225 569 1286 615 ita
1314 567 1407 619 dis-

124 651 286 699 ceffum
311 651 393 709 est,
421 663 469 697 ut
499 650 667 697 bellum
699 660 938 712 gereretur.

187 726 293 772 XX.
325 727 485 771 Romae
515 723 792 770 destinabant
813 720 991 786 quidem
1019 716 1299 764 sermonibus
1319 714 1408 761 ho·-

123 796 229 843 stem
249 798 556 853 Antiochum,
578 796 651 841 sed
675 794 896 840 nihildum
918 793 971 839 ad
991 792 1035 837 id
1055 791 1220 837 bellum
1243 800 1408 851 praeter

123 868 299 914 animos
329 869 555 931 parabant.
588 866 862 913 Consulibus
889 863 1107 910 ambobus
1141 860 1259 907 ltalia
1293 875 1406 921 pro-

124 939 277 986 vincia
296 939 470 985 decreta
488 936 575 983 est·
597 935 654 982 ita
673 950 721 981 ut
748 936 862 980 inter
883 933 923 979 se
947 942 1291 995 compat-,arent
1308 928 1408 975 tor-

124 1011 402 1069 tirenturve,
443 1021 543 1056 uter
579 1007 778 1054 comitiis
815 1005 908 1066 ejus
949 1005 1055 1052 anni
1096 1002 1307 1066 praeeffet.
1349 1000 1407 1047 ad

125 1097 275 1131 utrum
300 1101 350 1130 ea
379 1100 474 1131 non
502 1082 744 1146 pertineret
768 1097 897 1135 cura,
926 1091 973 1124 ut
998 1090 1176 1141 paratus
1209 1077 1343 1133 esset,
1374 1075 1407 1121 st

123 1171 219 1218 quo
242 1173 343 1203 eum
366 1169 490 1202 extra
523 1155 693 1201 ltaliam
721 1169 835 1215 opus
865 1151 969 1199 ess'ct
997 1151 1156 1197 ducere
1190 1150 1409 1212 legiones,

125 1229 245 1276 Huic
266 1229 441 1276 consuli
463 1229 715 1292 permiffum
732 1264 748 1284 ‚
770 1239 818 1273 ut
840 1227 944 1274 duas
967 1225 1167 1289 legiones
1194 1223 1407 1270 scriberet

125 1318 299 1360 novas,
321 1305 369 1351 &
393 1303 567 1350 socium
587 1320 636 1350 ac
660 1302 806 1349 Latini
828 1299 1024 1346 nominis
1057 1297 1220 1362 viginti
1239 1296 1408 1353 millia,

125 1376 175 1422 &
199 1375 369 1438 equites
388 1375 688 1439 offingentOS.
720 1374 862 1422 Alteri
883 1372 1055 1420 consuli
1086 1374 1184 1419 duae
1205 1371 1410 1434 legiones

125 1448 345 1507 decretae,
371 1465 482 1512 quas
509 1452 558 1495 L.
578 1449 820 1494 Cornelius
851 1446 1006 1493 consul
1033 1445 1270 1508 superioris
1299 1442 1408 1490 anni

127 1521 346 1569 habuisset
369 1539 379 1566 ε
401 1525 450 1570 &
480 1521 652 1568 socium
684 1538 735 1573 ac
766 1521 910 1567 Latini
935 1519 1133 1567 nominis
1159 1535 1214 1565 ex
1244 1518 1411 1564 eodem

127 1594 330 1640 exercitu
367 1593 621 1657 quindecim
655 1592 825 1651 millia,
861 1594 910 1639 &
945 1590 1115 1652 equites
1155 1589 1409 1653 quingenti.

128 1668 190 1726 Q.
221 1667 429 1714 Minucio
457 1684 557 1714 cum
579 1665 807 1722 exercitu,
833 1682 964 1728 quem
994 1664 1039 1710 in
1067 1657 1300 1727 Liguribus
1328 1662 1409 1708 ha-

127 1738 286 1796 bebat,
310 1752 607 1803 prorogatum
631 1739 883 1802 imperium.
908 1738 1135 1795 additum,
1159 1737 1205 1783 in
1229 1736 1410 1800 supple-

126 1825 327 1860 mentum
361 1827 412 1861 ut
447 1827 641 1878 quatuor
682 1813 822 1860 millia
858 1813 1058 1876 peditum
1094 1814 1408 1858 Romanorum

126 1884 449 1946 scriberentur,
481 1890 530 1936 &
558 1901 740 1935 centum
773 1885 1091 1950 quinquaginta
1124 1885 1323 1948 equites;
1358 1887 1411 1933 δε

126 1956 260 2005 sociis
286 1961 445 2006 eodem
466 1962 664 2025 quinque
682 1961 819 2008 millia
838 1960 1037 2024 peditum
1062 1960 1409 2022 imperarentur,

128 2033 312 2081 ducenti
336 2035 657 2098 quinquaginta
688 2035 874 2098 equites.
911 2035 1000 2082 Cn.
1027 2033 1244 2081 Domitio
1280 2049 1410 2081 extra

127 2106 326 2165 ltaliam,
350 2124 443 2169 quo
476 2107 649 2155 senatus
683 2107 940 2166 censuisset,
959 2107 1197 2170 provincia
1227 2106 1411 2164 evenit,

128 2181 179 2226 L.
214 2179 434 2239 Quinffio
469 2182 618 2232 Gallia
652 2184 702 2230 δι
732 2182 916 2229 comitia
945 2182 1160 2228 habenda.
1191 2182 1412 2226 Praetores

129 2251 290 2298 deinde
319 2252 580 2314 provincias
608 2252 778 2302 sortiti:
810 2256 874 2301 M.
899 2253 1087 2300 Fulvius
1117 2250 1412 2298 Centumalus

131 2325 378 2383 urbanam,
406 2329 455 2374 L.
483 2326 744 2373 Scribonius
777 2327 894 2373 Libo
922 2325 1223 2389 peregrinam,
1248 2327 1297 2370 L.
1318 2325 1411 2370 Va·

130 2396 266 2452 letius
282 2399 446 2464 Tappo
459 2399 681 2460 Siciliam,
698 2401 760 2461 Q.
772 2400 977 2448 Salonius
995 2401 1120 2446 Sarra
1139 2397 1416 2458 Sardiniam,

1060 2475 1094 2521 B
1127 2491 1159 2533 4
