1618 2715
246 128 786 181 HISTO'RIARUM
822 127 938 172 LIB.
973 124 1233 171 XXXVIII.
1304 136 1390 185 253

181 240 316 286 XLlI.
356 235 489 283 Exitu
517 250 659 297 prope
690 233 795 280 anni
827 233 891 280 M.
919 229 1124 277 Valerius
1156 228 1314 276 consul
1341 244 1398 274 ex

117 311 356 374 Liguribus
387 309 441 354 ad
470 307 742 370 magistratus
768 303 1072 367 subrogandos
1095 302 1289 347 Romam
1314 317 1399 347 ve-

118 384 211 441 nit,
235 383 354 429 nulla
385 379 668 427 memorabili
698 379 743 425 in
771 376 1010 439 provincia
1038 373 1220 438 regesta
1238 409 1252 431 ,
1269 384 1319 419 ut
1348 389 1401 419 ea

119 454 364 519 probabilis
395 468 535 499 morae
563 451 689 498 causa
715 450 845 508 effer,
866 449 991 512 quod
1018 447 1153 495 solito
1182 446 1316 492 serius
1346 445 1403 491 ad

119 528 305 576 comitia
327 525 529 573 venisset.
562 524 762 571 Comitia
792 522 1049 570 consulibus
1068 520 1276 584 rogandis
1303 519 1402 564 fue-

119 613 226 648 runt
268 612 370 646 ante
407 599 523 645 diem
572 595 892 643 duodecimum
938 595 1161 642 Kalendas
1206 592 1404 639 Martias.

122 671 258 726 creati
277 674 340 719 M.
373 670 577 717 AEmilius
609 669 832 731 Lepidus,
852 668 907 714 C.
929 667 1184 714 Flaminius.
1217 664 1402 712 Postero

123 746 195 792 die
228 756 442 809 praetores
471 742 572 789 facti
599 744 684 803 Ap.
706 741 921 788 Claudius
950 741 1138 787 Pulcher
1156 775 1170 798 ,
1192 740 1280 786 Ser.
1302 737 1405 784 Sul-

123 819 268 883 picius
303 818 478 873 Galba,
504 817 564 875 Q.
598 814 839 860 Terentius
870 813 1058 871 Culleo,
1089 815 1137 859 L.
1169 811 1408 858 Terentius

126 891 370 938 Massiliota
383 925 397 948 ‚
414 890 475 948 Q.
494 886 676 936 Fulvius
696 887 901 944 Flaccus,
919 888 980 933 M.
1001 884 1153 931 Furius
1174 883 1409 945 Crassipes.

127 964 343 1011 Comitiis
363 961 588 1026 perfeffis,
611 977 722 1024 quas
742 959 1007 1022 provincias
1035 958 1303 1021 praetoribus
1324 957 1408 1003 effe

126 1038 349 1101 placeret,
383 1034 537 1081 retulit
575 1034 630 1080 ad
666 1032 861 1078 senatum
899 1031 1072 1079 consul.
1112 1033 1409 1079 decreverunt

129 1109 236 1155 duas
274 1109 464 1161 Romae,
489 1105 596 1167 juris
631 1105 815 1151 dicundi
846 1104 993 1160 causa3
1027 1105 1132 1151 duas
1164 1116 1287 1150 extra
1322 1106 1410 1148 lta-

130 1182 233 1228 liam
250 1217 262 1238 ,
279 1180 476 1227 Siciliam
504 1181 553 1226 &
574 1178 847 1235 Sardiniam3
869 1178 975 1223 duas
998 1177 1042 1222 in
1064 1177 1184 1223 Italia
1200 1213 1212 1234 ,
1235 1177 1410 1222 Taren·
1440 1178 1442 1182 ’

132 1266 228 1300 tum
261 1254 310 1300 &
339 1253 547 1299 Galliam..
583 1253 633 1297 &
669 1250 929 1312 extemplo,
961 1249 1215 1312 priusquam
1249 1248 1413 1295 inirent

131 1326 461 1389 magistratum,
484 1323 631 1369 sortiri
657 1322 766 1383 juffi.
800 1324 888 1369 Ser.
917 1321 1139 1384 Sulpicius
1172 1322 1414 1376 urbanam,

134 1399 196 1456 Q.
216 1396 455 1442 Terentius
484 1394 762 1456 peregrinam
790 1393 851 1439 est
877 1393 1057 1440 sortitus
1073 1429 1085 1451 ,
1112 1396 1158 1440 L.
1175 1393 1415 1439 Terentius

133 1467 330 1513 Siciliam
346 1503 360 1525 ,
382 1467 443 1526 Q.
466 1465 651 1512 Fulvius
683 1464 956 1521 Sardiniam,
979 1465 1061 1525 Ap.
1088 1463 1306 1510 Claudius
1324 1465 1416 1510 Ta-

134 1552 341 1598 rentum,
371 1541 433 1585 M.
462 1538 615 1585 Furius
635 1537 839 1584 Galliam.
872 1540 940 1583 Eo
967 1553 1087 1583 anno
1113 1539 1161 1583 L.
1188 1536 1417 1584 Minucius

136 1612 352 1675 Myrtilus
369 1612 419 1658 δέ
438 1613 484 1657 L.
507 1610 723 1668 Manlius,
742 1610 867 1673 quod
886 1610 1052 1672 legatos
1071 1609 1419 1672 Carthaginien-

137 1685 200 1731 ses
231 1684 411 1747 pulsaffe
446 1682 737 1740 dicebantur,
765 1681 878 1743 jussu
910 1683 974 1728 M.
1007 1682 1188 1727 Claudii
1213 1680 1419 1743 praetoris

136 1757 259 1804 urbis
287 1774 366 1819 per
394 1756 569 1803 feciales
594 1754 744 1802 traditi
775 1754 875 1800 sunt
899 1753 1077 1817 legatis,
1110 1756 1159 1801 ὅ(
1188 1753 1418 1816 Carthagi-

139 1847 240 1876 nem
261 1830 419 1877 aveffi.
454 1833 503 1875 In
523 1827 755 1892 Liguribus
781 1828 930 1890 magni
957 1827 1092 1884 belli,
1116 1829 1166 1874 δέ
1195 1827 1421 1890 gliscentis

138 1904 186 1950 in
214 1903 305 1949 dies
329 1903 490 1966 magis,
514 1902 630 1949 fama
650 1913 758 1948 erat.
789 1901 937 1963 itaque
969 1900 1225 1948 consulibus
1257 1900 1388 1949 novis
1405 1937 1421 1958 ,

140 1992 236 2038 quo
265 1975 336 2020 die
362 1976 415 2021 de
443 1974 698 2037 provinciis
726 1975 775 2020 &
805 1973 859 2019 de
885 1974 1111 2036 republica
1143 1974 1390 2020 retulerunt
1407 2009 1421 2029 ‚

139 2048 311 2094 senatus
332 2048 527 2109 utrisque
548 2047 731 2110 Ligures
752 2046 1039 2108 provinciam
1067 2047 1282 2093 decrevit.
1304 2046 1419 2092 Huic

140 2120 520 2168 senatusconsulto
544 2120 736 2183 Lepidus
764 2116 920 2166 consul
945 2120 1272 2178 intercedebat,
1296 2124 1421 2166 Indi-

142 2200 271 2258 gnum
297 2195 370 2258 effe
398 2194 669 2256 praedicans,
697 2195 880 2254 consules
902 2196 1045 2239 ambos
1066 2197 1110 2238 in
1131 2198 1261 2239 valles
1293 2196 1424 2255 Ligu-

143 2287 233 2314 rum
262 2272 430 2314 includi.
460 2272 525 2315 M.
552 2271 750 2315 Fulvium
784 2264 826 2312 G*
858 2270 933 2313 Cn.
966 2269 1180 2313 Manlium
1212 2269 1423 2311 biennium

135 2341 258 2398 jam,
285 2345 455 2386 alterum
483 2344 529 2387 in
556 2345 758 2400 Europa,
788 2343 957 2384 alterum
983 2342 1028 2385 in
1050 2338 1184 2402 Asta,
1214 2342 1322 2384 velut
1343 2355 1425 2398 pro

143 2416 343 2475 Philzppo
364 2431 483 2478 atque
502 2417 716 2462 Antiocho
733 2413 999 2480 substitutos,
1030 2428 1207 2474 regnare.
1239 2415 1292 2457 Si
1310 2429 1427 2462 exere
