1618 2715
207 99 299 164 338
590 98 1129 147 T1T1L1V11

205 209 282 257 set.
301 207 492 256 Restitui
508 244 522 266 ‚
538 207 790 270 judiciaque
809 206 920 254 fafi'ra
941 207 1045 254 tolli
1064 206 1231 271 piacuit
1251 226 1260 255 :
1280 208 1484 257 Lacedae-

203 299 386 330 monem
415 298 591 329 manere
621 280 666 326 in
692 281 894 328 Achaico
927 282 1157 328 concilio:
1189 282 1410 346 scribique
1439 281 1484 329 id

203 358 430 408 decretum
444 392 459 415 ‚
477 358 525 404 &
544 354 793 418 consignari
813 371 837 400 a
854 354 1204 400 Lacedaemoniis
1223 357 1271 402 ὃς
1292 355 1481 404 Achaeis.

200 432 389 494 Legatus
425 431 471 477 in
510 429 820 476 Macedoniam
864 430 925 487 Q.
969 429 1167 476 Marcius
1205 429 1265 476 est
1302 430 1480 477 missus:

199 502 335 564 {ussus
370 502 486 548 idem
521 501 567 547 in
597 500 915 564 Peloponneso
953 500 1181 548 sociorum
1213 518 1282 547 res
1314 501 1482 564 aspice·

199 593 260 623 re.
284 594 387 623 nam
413 577 476 623 ibi
507 592 690 640 quoque
719 578 766 622 &
789 592 843 621 ex
863 574 1088 623 veteribus
1117 575 1347 629 discordiis
1377 576 1482 622 refi—

200 648 279 696 dui
300 662 453 697 motus
484 661 632 707 erant,
652 650 700 695 &
732 648 925 694 Messene
955 646 1204 695 desciverat
1231 666 1255 694 a
1284 650 1482 697 concilio

198 724 412 772 Achaico,
447 722 574 785 cujus
602 722 708 769 belli
731 725 778 770 δέ
799 721 946 768 causas
965 723 1014 769 &
1034 722 1238 769 ordinem
1259 722 1288 768 fi
1318 739 1483 785 expro-

196 813 318 843 mere
350 795 520 852 velim,
554 795 794 841 immemor
825 792 902 839 slm
934 795 1192 856 propositi,
1225 810 1317 857 quo
1351 794 1481 841 statui

195 885 291 914 non
323 867 438 914 ultra
466 866 683 929 attingere
704 860 886 912 externa
901 900 916 924 ,
940 865 1020 912 nifi
1043 883 1129 930 qua
1148 865 1366 913 Romanis
1396 883 1479 913 co-

192 940 418 986 ‘haererent
447 939 593 986 rebus.

259 1013 423 1059 XLIX.
441 1014 643 1057 Eventus
663 1008 963 1056 memorabilis
983 1010 1070 1068 est,
1089 1011 1215 1074 quod
1230 1046 1243 1068 ‚
1265 1027 1367 1060 cum
1385 1010 1479 1057 bel-

194 1086 243 1133 lo
278 1085 528 1148 superiores
569 1084 706 1130 essent
739 1083 922 1142 Achaei,
957 1084 1276 1147 Philopoemen
1309 1097 1477 1148 praetor

192 1174 353 1204 eorum
374 1155 563 1219 capitur,
583 1155 638 1202 ad
661 1155 1063 1216 praeoccupandam
1089 1156 1310 1202 Coronen
1333 1155 1474 1219 (pro-

195 1229 335 1276 seems
349 1227 395 1291 ‚)
415 1244 548 1290 quam
576 1228 721 1272 hostes
742 1226 973 1288 petebant,
995 1226 1039 1272 in
1060 1226 1177 1273 valle
1198 1226 1348 1289 iniqua
1371 1244 1473 1274 cum

190 1300 418 1364 equitibus
435 1299 588 1362 paucis
605 1298 850 1360 oppreffus.
890 1298 1033 1359 Ipsum
1063 1296 1253 1360 potuiffe
1278 1298 1472 1362 effugere

191 1372 419 1419 Thracum
456 1369 823 1431 Cretensiumque
856 1368 1026 1414 auxilio
1058 1369 1250 1416 tradunt.
1282 1369 1360 1416 ¹sed
1387 1387 1473 1432 pu-v

192 1444 279 1492 dor
294 1443 577 1508 relinquendi
596 1442 784 1505 equites,
809 1440 1104 1487 nobilissimos
1121 1442 1282 1504 gentis,
1300 1443 1353 1489 ab
1370 1442 1469 1506 ipso

189 1533 333 1579 nuper
361 1516 523 1571 lectos,
556 1515 710 1562 tenuit.
753 1513 912 1577 quibus
949 1513 1055 1558 dum
1091 1513 1247 1560 locum
1278 1516 1332 1561 ad
1360 1532 1469 1564 eva-

187 1590 354 1636 dendas
373 1587 594 1652 angustias
623 1588 833 1650 cogendo
862 1585 952 1648 ipse
983 1603 1141 1649 agmen
1169 1588 1372 1650 praebet,
1395 1588 1468 1634 su-

188 1662 355 1709 stinens
390 1662 581 1724 impetus
620 1659 848 1714 hostium3
882 1660 1094 1722 prolapso
1129 1676 1278 1722 equo,
1308 1663 1357 1708 &
1382 1660 1465 1707 suo

187 1735 280 1799 ipse
312 1735 436 1795 casu,
461 1737 510 1782 ὅ(
538 1751 675 1782 onere
705 1735 809 1796 equi
842 1735 971 1797 super
995 1751 1097 1781 eum
1129 1734 1326 1792 ruentis,
1347 1734 1466 1781 haud

186 1809 376 1857 multum
399 1809 567 1867 abfuit,
586 1809 693 1873 quin
713 1810 1060 1867 exanimaretur,
1085 1807 1357 1871 septuaginta
1381 1826 1465 1855 an-

184 1898 272 1928 nos
294 1880 379 1942 jam
402 1893 525 1927 natus
541 1918 554 1938 ,
576 1883 623 1928 &
645 1880 820 1927 diutino
842 1881 1006 1927 morbo
1021 1917 1034 1938 ‚
1055 1897 1110 1926 ex
1134 1896 1228 1942 quo
1250 1892 1344 1926 tum
1370 1880 1463 1942 pri-

183 1970 309 1999 mum
338 1951 644 2010 reficiebatur,
666 1953 838 2000 viribus
859 1953 1099 1999 admodum
1121 1949 1369 2000 attenuatis.
1395 1952 1462 2015 ja-

182 2038 359 2074 centem
389 2025 536 2071 hostes
572 2026 785 2087 superfusi
818 2026 1160 2088 opprefferunt:
1197 2026 1460 2088 cognitum-

181 2115 270 2161 que
289 2097 477 2161 primum
498 2114 522 2144 a
543 2098 814 2144 verecundia
839 2097 1143 2159 memoriaque
1163 2096 1458 2154 meritorum,

179 2172 298 2220 haud
328 2172 449 2219 secus
470 2188 604 2233 quam
630 2172 788 2217 ducem
819 2171 975 2227 suum,
997 2170 1211 2216 attollunt
1231 2169 1457 2217 reficiunt-

179 2261 299 2308 que,
327 2245 376 2292 &
402 2261 459 2290 ex
478 2244 597 2291 valle
617 2244 752 2290 devia
780 2243 826 2289 in
852 2242 971 2289 viam
1003 2254 1218 2305 portant,
1240 2242 1321 2288 vix
1349 2242 1455 2288 fibi—

177 2328 272 2363 met
304 2316 382 2378 ipfi
419 2333 511 2378 prae
548 2315 825 2378 necopinato
852 2314 1019 2378 gaudio
1058 2314 1314 2370 credente53
1353 2331 1454 2378 pars

181 2388 368 2436 nuntios
410 2387 636 2438 Messenen
673 2387 988 2452 praemittunt‚
1023 2385 1292 2436 debellat-um
1333 2387 1452 2447 effe,

1482 1358 1507 1382 ἁ
