1618 2715
237 96 788 168 HisTo‘RtARUM
818 112 945 159 ΜΒ.
978 109 1205 158 xxxix.
1304 116 1399 172 319·

111 228 287 292 lippum
320 228 370 274 &
402 227 647 271 Eumenem
680 235 803 284 reges
835 217 1239 279 Thessalorumque
1275 215 1395 262 civia

107 314 223 350 ‘tates
249 299 359 347 miffi
389 308 541 348 erant,
573 294 842 357 legationem
868 289 1212 344 renuntiassent,
1240 303 1399 350 regum

111 390 300 439 quoque
345 387 504 417 eorum
543 368 871 428 civitatumque
908 364 1080 426 legatos
1116 363 1162 408 in
1197 361 1398 408 senatum

113 448 479 496 introduxerunt.
523 442 688 490 Eadem
722 440 930 502 utrinque
955 438 1132 493 iterata,
1154 452 1254 499 quae
1284 435 1398 480 dicta

114 520 234 583 apud
260 519 431 582 legatos
457 516 502 561 in
531 511 708 561 Graecia
736 522 872 559 erant.
910 510 1056 556 Aliam
1086 508 1246 555 deinde
1275 507 1399 570 lega-

117 594 296 640 tionem
322 605 491 636 novam
510 589 686 643 Patres,
707 583 832 646 cujus
852 583 1059 645 princeps
1082 584 1167 643 Ap.
1185 579 1403 627 Claudius

117 665 204 713 fuit
220 701 237 723 ,
267 664 314 711 in
345 661 659 709 Macedoniam
689 660 740 705 &
768 657 815 702 in
847 656 1071 703 Graeciam
1099 656 1400 701 decreverunt

117 739 174 787 ad
196 737 460 795 visendum,
480 734 722 781 redditaene
744 731 946 780 civitates
972 728 1186 775 Thessalis
1217 729 1267 775 &
1293 728 1400 772 Per-

118 812 278 859 rhaebis
297 810 447 857 essent.
480 807 632 854 lisdem
653 806 906 852 mandatum
920 839 932 861 ,
952 816 1000 849 ut
1019 804 1072 849 ab
1093 804 1210 849 AEno
1229 802 1278 847 &
1297 802 1400 846 Ma·-

119 901 259 931 ronea
295 882 494 946 praesidia
523 880 850 926 deducerentur
869 913 882 935 ,
912 876 1220 937 maritimaque
1251 872 1403 935 omnis

122 957 332 1004 Thraciae
359 973 439 1002 ora
468 972 492 1001 a
519 954 728 1015 Philippo
753 954 803 998 &
828 948 1157 997 Macedonibus
1189 948 1403 992 liberare-

123 1042 211 1077 tur.
246 1025 607 1091 Peloponnesum
637 1040 820 1088 quoque
844 1023 963 1069 adire
989 1020 1112 1082 jussi,
1131 1019 1250 1065 unde
1277 1018 1404 1080 prior

122 1103 289 1167 legatio
319 1101 564 1148 discesserat
589 1097 832 1145 incertiore
863 1095 972 1141 statu
1001 1111 1148 1140 rerum
1166 1130 1180 1149 ,
1208 1109 1343 1154 quam
1369 1090 1404 1137 si

121 1194 219 1224 non
261 1176 495 1224 venissent.
539 1189 640 1218 nam
675 1171 807 1233 super
846 1182 992 1216 cetera
1031 1167 1162 1214 etiam
1202 1166 1291 1211 fine
1332 1181 1404 1210 re-

122 1248 288 1312 sponso
310 1246 497 1304 dimissi,
521 1262 604 1291 nec
635 1245 787 1290 datum
814 1241 1065 1304 petentibus
1092 1252 1184 1286 erat
1211 1238 1404 1284 Achaeo-

122 1338 220 1368 rum
251 1319 512 1369 concilium.
557 1319 631 1364 De
668 1333 755 1379 qua
788 1332 835 1360 re
869 1326 1080 1377 querente
1114 1312 1309 1375 graviter
1341 1311 1405 1370 Q.

89 1444 98 1453 ἡ
123 1391 340 1448 Caecilio,
367 1390 497 1436 simul
524 1387 873 1435 Lacedaemoniis
902 1385 1263 1448 deplorantibus,
1283 1400 1405 1429 moe-

123 1466 201 1512 nia
235 1464 412 1521 diruta,
445 1462 676 1508 abductam
710 1461 885 1522 plebem
922 1459 969 1504 in
1001 1458 1210 1518 Achajam
1242 1458 1292 1504 &
1320 1472 1406 1501 ve-

121 1537 392 1592 nundatam,
421 1534 639 1590 ademtas,
672 1531 832 1594 quibus
863 1529 917 1574 ad
949 1545 1045 1574 eam
1084 1527 1201 1572 diem
1241 1525 1405 1572 civitas

124 1607 328 1665 stetisset,
352 1605 555 1669 Lycurgi
574 1606 710 1666 leges,
730 1601 888 1650 Achaei
909 1602 1098 1646 maxime
1119 1599 1304 1646 concilii
1325 1614 1406 1644 ne-

123 1679 215 1743 gati
234 1677 403 1725 crimen
428 1675 717 1731 excusabant,
739 1671 970 1719 recitando
993 1671 1134 1733 legem
1150 1705 1163 1725 ,
1183 1686 1304 1731 quae,
1324 1667 1413 1718 nisi,

125 1752 234 1801 belli
253 1750 432 1815 pacisve
452 1748 578 1797 causa
594 1784 607 1806 ,
628 1750 676 1795 &
699 1764 800 1793 cum
821 1745 950 1808 legati
970 1746 1023 1791 ab
1047 1744 1198 1793 senatu
1219 1760 1320 1790 cum
1347 1741 1407 1787 li-

123 1826 229 1872 teris
256 1837 331 1871 aut
354 1823 526 1886 scriptis
553 1820 769 1868 mandatis
796 1816 1003 1865 venirent
1021 1853 1036 1875 ,
1065 1828 1238 1864 vetaret
1266 1814 1404 1862 indici

125 1897 393 1944 concilium.
412 1897 474 1941 Ea
495 1911 550 1940 ne
568 1893 721 1956 postea
739 1889 969 1937 excusatio
990 1890 1113 1947 esset,
1132 1887 1323 1934 ostendit
1341 1886 1404 1933 se-

126 1981 256 2016 natus
271 2005 284 2027 ,
305 1986 423 2015 curae
445 1968 496 2013 iis
515 1968 597 2013 effe
613 1965 799 2021 debere,
817 1976 869 2009 ut
886 1962 1101 2009 Romanis
1124 1962 1275 2023 legatis
1295 1959 1410 2011 sems

128 2058 208 2104 per
224 2040 413 2087 adeundi
433 2039 679 2086 concilium
705 2035 847 2100 gentis
867 2035 1060 2098 potestas
1079 2032 1230 2090 fieret3
1251 2050 1405 2096 quem·

129 2115 369 2161 admodum
394 2115 443 2160 ὅ(
466 2113 553 2157 illis
567 2147 579 2170 ,
600 2111 780 2173 quoties
801 2109 997 2166 vellent,
1019 2108 1190 2153 senatus
1213 2109 1406 2153 daretur.

126 2214 130 2217 «
193 2187 412 2232 XXXIV.
443 2184 644 2232 Dimiffis
673 2183 726 2229 iis
755 2183 1080 2247 legationibus,
1102 2181 1354 2242 Philippus,
1379 2195 1406 2224 a

130 2259 216 2306 suis
252 2258 420 2304 certior
456 2256 593 2303 factus
616 2291 630 2313 ‚
662 2255 910 2303 cedendum
943 2255 1229 2310 civitatibus,
1263 2252 1406 2297 dedu-

130 2333 360 2396 cendaque
390 2329 590 2393 praesidia
616 2329 728 2387 effe,
747 2328 944 2374 infensus
975 2328 1184 2374 Omnibus
1202 2363 1216 2383 ,
1238 2325 1284 2370 in
1311 2326 1406 2371 Ma·

132 2404 299 2452 ronitas
318 2403 428 2451 iram
449 2401 649 2452 effundit.
672 2399 925 2449 Onomasto
939 2436 955 2462 ,
975 2400 1055 2465 qui
1072 2412 1257 2464 praeerat
1274 2396 1409 2452 mariz
