1618 2715
192 112 287 164 340
571 95 1132 143 T1T1L1V11

186 208 327 264 bant,
358 223 441 254 nec
480 204 687 267 cuiquam
724 201 805 250 uni
834 200 1079 249 custodiam
1107 199 1202 259 ejus
1236 198 1336 245 satis
1367 214 1465 244 cre—

185 283 365 329 debant.
401 281 661 328 Admonent
693 276 850 323 deinde
876 275 1081 337 quidam,
1107 273 1191 319 effe
1212 272 1464 318 thesaurum

186 355 418 417 publicum
439 353 516 399 sub
538 364 682 407 terra,
701 350 808 396 saxo
827 348 1049 412 quadrato
1069 346 1254 408 septum.
1286 359 1342 389 eo
1361 344 1466 390 vin-

186 428 282 473 ctus
312 425 592 481 demittitur,
621 424 672 469 &
702 422 734 468 s
735 438 856 468 lxum
891 420 1074 481 ingens,
1103 433 1197 480 quo
1229 415 1465 478 operitur,

187 498 396 546 machina
418 495 801 560 superimpositum
827 492 900 539 est.
927 492 984 538 ita
1005 491 1112 538 loco
1134 490 1312 551 potius,
1332 504 1466 550 quam

186 571 363 618 homini
386 571 625 631 cuiquam,
646 567 910 615 credendam
929 563 1176 611 custodiam
1195 563 1302 620 rati,
1320 562 1469 608 lucem

187 643 496 706 insequentem
528 640 752 703 exspeEla
753 654 912 685 erunt.
945 636 1132 683 Postero
1161 635 1232 680 die
1263 634 1469 680 multitu-

187 715 250 762 do
279 715 459 777 quidem
491 713 688 776 integi-,a
714 726 887 757 memor
912 708 1201 772 pristinorum
1222 705 1316 767 ejus
1336 707 1384 752 in
1404 707 1473 754 ci-

189 785 379 833 vitatem
399 783 667 831 meritorum
685 818 699 841 ‚
719 782 1019 845 parcendum,
1040 797 1091 827 ac
1111 797 1190 842 per
1207 796 1308 826 eum
1327 794 1473 826 reme·-

189 858 261 905 dia
279 856 517 921 quaerenda
537 856 620 903 ess'e
640 854 924 918 praesentium
947 853 1187 911 malorum,
1207 851 1472 900 censebant:

189 930 455 979 defectionis
488 931 720 986 auctores,
753 945 950 992 quorum
979 927 1027 973 in
1061 943 1196 973 manu
1226 925 1475 989 respublica

195 1016 290 1051 erat
307 1039 321 1060 ,
340 1002 386 1049 in
411 1002 581 1049 secreto
603 1000 908 1048 consultantes
928 1036 942 1058 ‚
960 1016 1118 1046 omnes
1136 999 1190 1045 ad
1209 1015 1363 1045 necem
1380 995 1476 1058 ejus

193 1075 568 1125 consentiebant:
603 1074 702 1132 sed,
731 1087 880 1120 utrum
914 1083 1215 1129 maturarent,
1241 1087 1295 1118 an
1326 1070 1475 1116 differ-

194 1161 294 1197 rent
311 1185 325 1206 ,
355 1146 672 1210 ambigebatur.
696 1146 821 1191 Vicit
848 1162 946 1207 pars
970 1143 1151 1191 avidior
1177 1160 1350 1205 poenae,
1370 1142 1477 1188 mis-

197 1222 352 1286 susque
367 1257 379 1280 ‚
401 1220 478 1284 qui
498 1235 726 1266 venenum
748 1218 894 1264 ferret.
917 1221 1119 1279 Accepto
1142 1216 1311 1279 poculo
1326 1252 1340 1272 ,
1361 1215 1476 1261 nihil

195 1295 315 1344 aliud
349 1294 554 1340 locutum
587 1293 762 1349 ferunt,
792 1307 925 1351 quam
950 1289 1167 1353 quaesisse,
1187 1291 1237 1354 fi
1256 1294 1476 1336 incolumis

197 1373 399 1432 Lycortas
428 1366 501 1432 (is
526 1366 635 1413 alter
655 1365 897 1427 imperator
916 1365 1187 1410 Achaeorum
1215 1361 1342 1426 erat)
1360 1367 1477 1423 equi-

197 1447 328 1507 tesque
346 1441 585 1508 evaszffitzc?
602 1440 841 1503 Postquam
863 1439 1028 1484 dictum
1045 1437 1126 1496 est,
1142 1443 1362 1485 incolumes
1378 1437 1445 1500 effi
1457 1457 1478 1492 ,-

196 1522 309 1567 Bene
336 1519 479 1573 habet,
499 1512 676 1576 inquit3
701 1514 771 1568 &‚
794 1512 964 1574 poculo
994 1510 1223 1572 impavide
1243 1510 1477 1566 exhausto,

199 1591 322 1639 haud
352 1590 413 1636 ita
446 1587 594 1635 multo
634 1584 734 1648 post
769 1581 1028 1646 exspiravit.
1070 1584 1179 1629 Non
1215 1582 1478 1629 diuturnum

200 1663 359 1712 mortis
379 1662 471 1723 ejus
489 1657 701 1724 gaudium
722 1656 978 1703 a11&0ribus
999 1655 1267 1702 crudelitatis
1294 1655 1390 1701 fuit.
1409 1654 1478 1700 vi-

200 1738 270 1785 &a
304 1749 497 1797 namque
537 1730 732 1777 Messene
763 1729 885 1776 bello
923 1726 1269 1790 exposcentibus
1304 1725 1481 1773 Achaeis

203 1810 373 1858 noxios
390 1804 577 1861 dedidit,
595 1803 778 1865 ossaque
796 1801 966 1847 reddita
984 1800 1341 1862 Philopoemenis
1358 1799 1480 1846 sunt:

205 1886 256 1932 &
274 1880 469 1945 sepultus
493 1877 549 1923 ab
568 1873 781 1923 universo
802 1873 1007 1920 Achaico
1035 1873 1095 1918 est
1117 1870 1348 1930 concilio,
1367 1872 1481 1917 adeo

203 1956 415 2005 omnibus
444 1949 648 1998 humanis
674 1947 893 2010 congestis
929 1945 1214 2002 honoribus,
1244 1956 1293 1990 ut
1322 1960 1377 1990 ne
1410 1944 1481 1989 di-

206 2029 323 2076 vinis
357 2025 537 2091 quidem
569 2021 872 2068 abstineretur
909 2019 980 2064 Ab
1012 2017 1305 2079 scriptoribus
1332 2033 1480 2063 rerum

204 2100 376 2149 Graecis
409 2095 663 2158 Latinisque
690 2106 861 2139 tantuin
892 2091 998 2137 huic
1028 2091 1131 2136 viro
1161 2089 1405 2144 tribuitur,
1432 2102 1483 2134 ut.

203 2194 228 2223 a
249 2171 508 2237 quibusdam
526 2184 704 2222 eorum,
727 2166 853 2211 velut
870 2165 926 2209 ad
943 2163 1156 2224 insignem
1178 2174 1332 2208 notam
1353 2159 1482 2220 hujus

205 2245 595 2306 anni‚1nem0riae
627 2243 884 2289 mandatum
918 2239 995 2296 sit,
1015 2251 1102 2284 tres
1121 2236 1295 2284 claros
1286 2252 1482 2297 impexa-

206 2336 327 2367 tores
355 2335 414 2365 eo
440 2334 562 2365 anno
596 2313 842 2367 decessisse‚
864 2311 1282 2372 Philopoemenem,
1304 2308 1482 2354 Hanni-

206 2393 350 2440 halem
368 2426 383 2447 ,
408 2391 454 2437 P,
481 2388 755 2451 Scipionem.
791 2385 904 2431 adeo
931 2384 978 2429 in
1009 2396 1141 2445 aequo
1168 2397 1269 2428 eum
1299 2381 1482 2428 duarum
