1618 2715
336 121 872 171 HISTORIARUM
909 119 1161 165 MRXL.
1285 132 1405 186 ,351

145 233 245 277 liam
263 267 276 287 ,
298 230 370 277 cui
391 246 445 276 ex
469 226 702 275 consulatu
725 237 1018 289 prorogatum
1045 221 1277 285 imperium
1308 235 1416 270 erat.

145 306 194 349 ln
216 301 469 363 Hispan²am
491 299 621 346 etiam
641 312 872 358 utramque
892 313 989 359 quae
1008 296 1293 350 ducerentur,
1311 312 1417 357 qua-

144 388 248 420 mor
265 373 398 419 millia
425 371 622 433 peditum
646 370 812 416 civium
833 369 1145 413 Romanorum
1168 368 1216 412 &
1237 366 1418 412 ducenti

144 448 347 510 equites,
378 447 426 491 &
459 443 686 490 sociorum
722 442 883 503 septem
919 439 1056 485 millia
1083 439 1280 500 peditum
1313 455 1415 485 cum

143 518 353 565 trecentis
380 515 603 580 equitibus
625 514 755 561 scribi
777 512 896 573 juffa.
927 512 976 557 &
1003 512 1062 570 Q.
1085 511 1220 557 Fabio
1242 511 1415 556 Labeo-

144 592 191 638 ni
220 609 319 638 cum
350 589 577 646 exercitu,
601 605 733 650 quem
753 586 941 632 habebat
960 585 1007 629 in
1026 585 1284 649 Liguribus,
1306 601 1417 648 pro-

145 680 351 727 rogatum
372 663 416 708 in
438 678 602 708 annum
628 658 866 722 imperium
893 657 967 703 est.

208 740 259 784 ll.
278 739 368 782 Ver
396 733 700 798 procellosum
722 748 777 778 eo
802 748 923 778 anno
944 729 1042 776 fuit.
1070 727 1213 791 pridie
1232 729 1417 788 Parilia,

144 809 294 856 meclio
316 807 452 854 ferme
471 805 556 863 die,
575 818 704 850 atrox
723 822 824 851 curn
847 813 987 849 vento
1005 800 1235 862 tempestas
1256 816 1417 849 coorta

144 880 295 926 multis
321 878 451 924 sacris
478 872 764 938 profanisque
785 875 897 920 locis
919 874 1102 935 stragem
1125 872 1231 918 fecit
1254 891 1263 917 :
1297 874 1417 936 signa

145 968 268 997 aenea
301 950 346 995 in
376 948 609 1010 Capitolio
638 946 797 1007 dejecit
825 964 835 991 :
868 945 1013 990 forem
1046 960 1101 990 ex
1131 944 1223 988 aede
1251 946 1417 1001 Lunae,

144 1041 244 1086 quae
274 1023 321 1068 in
354 1021 584 1067 Aventino
614 1019 701 1071 est,
729 1030 898 1079 raptam
930 1016 1056 1073 tulit,
1083 1016 1132 1061 &
1157 1016 1202 1060 in
1233 1016 1417 1077 posticis

145 1097 342 1159 partibus
376 1095 551 1141 Cereris
571 1092 725 1153 templi
745 1091 911 1136 affixit:
947 1090 1065 1151 signa
1097 1089 1179 1134 alia
1211 1089 1254 1133 in
1288 1090 1415 1136 circo

145 1168 344 1214 maximo
366 1184 466 1214 cum
487 1164 734 1221 columnis,
756 1163 917 1226 quibus
942 1161 1265 1224 superstabant,
1284 1179 1418 1208 ever-

142 1242 222 1287 tit:
248 1240 413 1303 fastigia
439 1240 615 1302 aliquot
636 1236 907 1298 templorum
922 1271 934 1292 ‚
962 1252 984 1281 a
1004 1235 1270 1281 culminibus
1288 1237 1416 1281 abru-

143 1326 246 1376 pta,
269 1312 387 1358 foede
413 1310 649 1372 diffipavit.
682 1312 833 1371 ltaque
863 1308 909 1353 in
931 1307 1184 1370 prodigium
1215 1307 1341 1354 versa
1366 1325 1417 1354 ea

86 1409 88 1411 ·
142 1384 373 1448 tempestas
388 1421 400 1442 ‚
420 1381 741 1447 procurarique
763 1380 1009 1442 haruspices
1032 1379 1257 1440 jufferunt.
1288 1380 1416 1426 fimul

143 1469 432 1521 procuratum
463 1454 547 1511 est,
576 1453 701 1515 quod
728 1451 942 1513 tripedem
975 1450 1145 1496 mulum
1172 1453 1306 1498 Reate
1336 1469 1416 1498 na-

142 1544 237 1576 tum
272 1529 523 1575 nuntiatum
553 1538 645 1572 erat
665 1560 677 1581 ,
698 1527 746 1572 &
772 1541 795 1569 a
815 1523 1004 1569 Formiis
1026 1524 1164 1569 aedem
1192 1524 1415 1585 Apollinis

142 1621 193 1650 ac
220 1603 385 1664 Cajetae
413 1602 465 1647 de
495 1599 617 1646 coelo
647 1598 820 1643 rafiam.
855 1598 916 1642 ob
943 1613 992 1643 ea
1019 1595 1222 1658 prodigia
1251 1596 1413 1658 viginti

143 1676 298 1723 hostiis
330 1673 573 1734 majoribus
604 1669 895 1717 sacrificatum
927 1670 1016 1726 est,
1045 1673 1092 1717 &
1128 1670 1243 1715 diem
1275 1687 1414 1716 unum

142 1748 408 1810 supplicatio
443 1746 539 1792 fuit.
567 1746 650 1789 Per
667 1742 843 1788 eosdem
865 1743 956 1788 dies
985 1759 1041 1787 ex
1073 1742 1210 1788 literis
1236 1746 1288 1788 A.
1320 1744 1414 1788 Te-

141 1821 273 1867 rentii
292 1818 581 1883 propraetoris
601 1816 858 1880 cognitum,
876 1817 921 1862 P.
941 1815 1254 1877 Sempronium
1273 1816 1318 1860 in
1341 1816 1411 1861 ul-

143 1894 306 1940 teriore
336 1891 603 1955 provincia,
636 1906 735 1935 cum
766 1888 863 1949 plus
894 1905 1058 1934 annum
1092 1904 1205 1950 aeger
1238 1887 1413 1945 fuiffet,

141 1977 370 2012 mortuum
403 1964 498 2009 effe.
531 1978 587 2008 eo
608 1961 821 2007 maturius
849 1959 894 2004 in
920 1958 1173 2021 Hispaniam
1197 1973 1412 2023 praetores

140 2037 237 2099 juffi
269 2035 507 2099 proficisci.
545 2033 808 2097 Legationes
843 2031 1142 2078 transmarinae
1173 2033 1333 2078 deinde
1366 2032 1412 2078 in

142 2110 337 2157 senatum
358 2109 620 2155 introduciae
638 2106 749 2153 sunt.
769 2105 911 2152 Prima
928 2107 1137 2153 Eumenis
1158 2108 1207 2153 &
1222 2106 1411 2152 Pharna·

140 2184 205 2230 cis
224 2200 394 2246 regum,
415 2184 462 2228 δι
486 2180 787 2235 Rhodiorum,
809 2179 1094 2241 querentium
1111 2180 1164 2225 de
1187 2179 1409 2240 Sinopen-

136 2255 248 2300 sium
273 2255 409 2300 clade.
438 2253 630 2314 Philippi
648 2268 828 2315 quoque
857 2251 1017 2314 legati,-
1037 2254 1086 2299 δέ
1111 2251 1407 2308 Achaeorum,

142 2330 193 2375 δε
219 2327 693 2382 Lacedaemoniorum,
722 2326 798 2371 sub
830 2325 946 2371 idem
976 2337 1149 2387 tempus
1173 2336 1407 2371 venerunt.

141 2400 195 2447 iis
211 2436 223 2459 ,
245 2401 368 2463 prius
404 2399 577 2446 Marcio
605 2397 786 2456 audito,
809 2398 887 2460 qui
911 2398 964 2443 ad
996 2412 1064 2443 res
1092 2396 1281 2443 Graeciae
1307 2399 1408 2442 Ma·
