1618 2715
219 110 313 173 380
606 110 1145 160 T1T1L1VII

217 217 356 265 castra
384 218 699 266 Romanorum
721 233 984 283 oppugnare
1006 220 1135 269 fimul
1159 221 1370 273 omnibus
1389 240 1500 287 por-

217 290 274 336 tis
303 290 617 355 aggreffi'sunt.
649 291 831 336 Summa
861 290 908 339 vi
938 302 1087 339 totum
1117 294 1235 340 diem
1262 311 1501 358 oppugna-

215 377 322 410 runt
338 400 351 422 ,
372 363 430 410 ita
447 377 496 409 ut
516 381 570 410 ne
591 363 803 410 efferendi
824 364 1006 427 quidem
1027 365 1147 429 signa
1166 368 1382 415 Romanis
1402 367 1502 431 spa-

215 438 358 496 tium,
383 454 464 486 nec
483 438 536 484 ad
558 437 860 500 explicandam
893 437 1033 485 aciem
1063 433 1192 488 locus
1220 442 1337 488 effer.
1368 442 1503 488 Con-

215 509 320 556 ferti
347 511 394 557 in
422 511 565 573 portis
582 546 596 568 ‚
630 510 851 557 obstando
887 512 1050 574 magis,
1070 529 1204 575 quam
1229 515 1501 577 pugnando,

218 583 354 630 castra
381 583 657 630 tutabantur.
691 584 781 629 Sub
813 583 1020 630 occasum
1041 584 1148 632 solis
1178 602 1280 632 cum
1307 585 1505 634 receffis-

217 655 313 702 sent
343 657 489 703 hostes
508 693 521 714 ‚
543 657 657 703 duos
688 656 861 719 equites
885 657 939 703 ad
963 659 1048 704 Cn.
1069 658 1271 704 Baebium
1298 676 1504 720 procon-

216 729 355 776 sulem
375 747 479 778 cum
498 731 638 776 literis
659 730 772 776 Pisas
792 730 949 790 mittit,
970 743 1021 778 ut
1039 730 1213 778 obseffo
1235 731 1316 778 fibi
1341 749 1420 795 per
1437 733 1505 779 in·

218 802 373 850 ducias
392 803 726 866 quamprimum
752 802 946 850 subsidio
967 804 1160 852 veniret.
1184 804 1358 851 Baebius
1376 821 1507 852 exer-

219 875 359 922 citum
391 878 454 923 M.
476 876 653 922 Pinario
676 878 860 939 praetori
874 914 890 934 ,
913 877 1037 924 eunti
1054 877 1102 923 in
1119 878 1366 924 Sardiniam
1384 914 1399 937 ‚
1420 890 1507 924 tra·

217 949 402 996 diderat.
433 962 633 998 ceterum
655 952 704 998 δέ
722 950 919 998 senatum
945 951 1083 998 literis
1106 951 1346 999 certiorem
1366 951 1474 998 fecit
1489 988 1505 1011 ,

218 1023 413 1070 obsideri
445 1042 470 1070 a
500 1024 734 1088 Liguribus
766 1027 814 1072 L.
847 1025 1078 1072 AEmilium
1097 1061 1110 1083 ,
1134 1027 1183 1073 &
1215 1026 1294 1071 M:
1311 1025 1506 1072 Claudio

220 1096 441 1143 Marcello
457 1133 470 1156 ‚
492 1097 617 1158 cujus
646 1098 855 1160 proxima
873 1098 977 1144 inde
999 1097 1243 1159 provincia
1264 1109 1357 1143 erat
1372 1132 1385 1154 ,
1405 1097 1510 1144 scri-

219 1169 304 1231 pfit
322 1206 334 1227 ‚
355 1182 432 1229 ut,
464 1169 495 1216 fi
519 1171 746 1218 videretur
775 1171 848 1229 ei,
871 1171 1116 1218 exercitum
1148 1187 1201 1216 ex
1234 1170 1383 1216 Gallia
1412 1183 1506 1216 tra-

220 1243 405 1290 duceret
428 1245 473 1291 in
504 1246 714 1309 Ligures,
746 1247 796 1293 &
824 1248 871 1293 L.
890 1244 1122 1293 AEmilium
1149 1244 1356 1290 liberaret
1386 1244 1507 1290 obfi-

220 1314 373 1362 dione.
398 1317 508 1363 Haec
528 1316 619 1364 sera
638 1317 788 1364 futura
806 1317 971 1364 auxilia
992 1328 1127 1362 erant.
1150 1316 1331 1379 Ligures
1353 1315 1506 1377 poste-

224 1406 275 1435 ro
305 1390 374 1435 die
394 1391 449 1436 ad
471 1392 835 1439 castraredeunt.
868 1391 1077 1439 AEmilius
1096 1427 1110 1448 ‚
1135 1407 1236 1438 cum
1265 1392 1314 1437 &
1342 1402 1511 1438 ventu-

222 1480 299 1510 ros
320 1464 459 1512 sciss'et
473 1502 486 1525 ‚
507 1467 555 1513 &
576 1467 765 1514 educere
790 1467 836 1513 in
857 1467 996 1513 aciem
1020 1465 1232 1530 potuiffet
1250 1500 1262 1522 ,
1283 1463 1397 1510 iutra
1417 1464 1512 1511 valo

225 1536 318 1582 lum
352 1536 455 1584 suos
484 1539 631 1585 tenuit
649 1576 661 1597 ‚
687 1553 737 1585 ut
768 1539 1017 1586 extraheret
1048 1556 1141 1585 rem
1168 1537 1212 1582 in
1241 1536 1286 1583 id
1309 1548 1512 1600 tempus,

223 1625 317 1671 quo
345 1610 518 1657 Baebius
551 1629 654 1658 cum
686 1610 890 1658 exercitu
915 1611 1074 1658 venire
1094 1626 1125 1657 ‘a
1149 1609 1252 1656 Pifis
1278 1609 1435 1671 poffet.

220 1708 223 1710 ·
290 1684 460 1731 XXVI.
481 1685 641 1731 Romae
659 1702 863 1748 magnam
884 1683 1234 1748 trepidationem
1260 1683 1399 1728 literae
1417 1683 1511 1728 13ae-

223 1757 288 1803 bii
322 1757 555 1805 fecerunt:
587 1776 643 1805 eo
673 1759 919 1820 majorem,
945 1760 1070 1822 quod
1092 1773 1263 1821 paucos
1290 1755 1391 1818 post
1419 1755 1514 1802 dies

225 1830 490 1888 Marcelius,
513 1831 677 1878 tradito
696 1831 896 1878 exercitu
915 1831 1053 1878 Fabio
1069 1867 1082 1889 ‚
1104 1833 1295 1877 Romam
1316 1845 1419 1875 cum
1440 1843 1514 1873 ve-

225 1903 379 1962 nifl'et,
398 1903 517 1967 spem
540 1905 728 1963 ademit,
748 1923 849 1966 eum
867 1941 880 1963 ‚
901 1905 978 1969 qui
997 1905 1043 1952 in
1066 1904 1211 1951 Gallia
1230 1902 1335 1950 effet
1351 1937 1364 1958 ‚
1386 1917 1515 1948 exer-

225 1978 366 2024 citum
398 1979 443 2024 in
474 1978 657 2044 Ligures
686 1979 860 2026 traduci
885 1979 1008 2043 poffe
1027 2015 1040 2037 ‚
1066 1978 1171 2041 quia
1205 1976 1372 2023 bellum
1408 1991 1513 2022 cum

223 2049 338 2097 lstris
369 2051 498 2109 effer,
527 2051 870 2114 prohibentibus
902 2050 1133 2098 coloniam
1160 2046 1409 2112 Aquilejam
1433 2047 1515 2092 de-

226 2123 342 2170 duci.
376 2140 432 2170 eo
470 2124 720 2187 profeefbum
755 2124 968 2183 Fabium,
996 2140 1140 2186 neque
1178 2123 1283 2169 inde
1310 2119 1514 2185 regredi,

226 2196 349 2242 hello
383 2196 628 2256 inchoato,
665 2199 802 2262 poffe.
844 2200 976 2256 Una,
1016 2199 1066 2245 &
1101 2213 1152 2244 ea
1185 2195 1277 2259 ipsa
1313 2194 1513 2251 tardior,
1568 2249 1577 2256 ,

224 2288 360 2334 quam
379 2285 555 2335 tempus
578 2273 855 2335 postulabat,
878 2271 1057 2319 subsidii
1078 2270 1174 2334 spes
1200 2279 1292 2315 erat
1307 2303 1320 2325 ,
1340 2269 1372 2313 fi
1398 2284 1516 2314 con-

225 2345 336 2393 sules
365 2347 646 2396 maturaffent
667 2347 711 2392 in
734 2346 1020 2409 provinciam
1041 2345 1118 2391 ire.
1155 2345 1199 2390 id
1226 2355 1273 2390 ut
1292 2341 1517 2399 facerent,

224 2435 309 2481 pro
344 2419 386 2466 se
420 2419 609 2485 quisque
642 2422 820 2468 Pati-um
853 2417 1112 2471 vociferari.
1148 2415 1367 2465 Consules
1387 2451 1402 2476 ‚
1432 2415 1513 2462 nifi
