1618 2715
186 119 279 165 412
538 106 1103 154 T1T1L1V11

182 211 347 275 posuit.
380 211 600 259 Celeriter
617 214 667 260 &
684 229 739 259 ex
766 212 1006 275 provincia
1024 214 1166 260 literae
1183 212 1380 260 Romam
1397 218 1476 259 νεῖ

183 296 359 330 nerunt.
397 284 748 347 supplicationes
774 285 837 356 ob
857 302 928 332 eas
957 303 1025 333 res
1051 287 1188 350 gestas
1209 286 1254 332 in
1277 287 1478 334 triduum

183 357 377 404 decretae
404 359 519 405 sunt.
550 359 771 404 Praetores
797 359 1090 422 quadraginta
1109 359 1267 407 hostiis
1287 359 1484 421 majori-⁷

183 428 265 475 bus
293 447 372 492 per
408 429 761 493 supplicationes
791 447 881 477 rem
914 431 1116 477 divinam
1149 431 1369 478 fecerunt.
1406 430 1482 478 Ab

182 501 326 548 altero
361 503 546 550 consule
564 507 611 551 L.
631 504 808 551 Manlio
830 504 941 549 nihil
963 504 1183 551 memoria
1209 506 1394 568 dignum
1428 504 1477 550 in

181 574 423 636 Liguribus
455 575 518 622 est
540 576 722 639 gestum.
754 576 874 624 Galli
893 577 1207 641 Transalpini,
1229 578 1314 623 tria
1335 576 1477 623 millia

183 646 454 706 hominum,
487 648 534 694 in
570 649 740 696 Italiam
775 650 1059 713 transgressi,
1092 651 1318 697 neminem
1354 650 1480 697 bello

182 717 439 767 laceffentes
459 759 471 777 ,
492 738 644 784 agrum
666 740 690 768 a
710 722 969 769 consulibus
994 724 1043 770 &
1067 723 1218 769 senatu
1240 722 1481 785 petebant,

182 806 235 838 ut
262 794 404 853 pacati
444 793 521 840 sub
550 795 740 857 imperio
779 796 937 858 populi
968 796 1168 842 Romani
1202 795 1352 842 essent.
1387 797 1480 841 Eos

182 864 357 912 senatus
379 868 596 914 excedere
621 869 743 915 ltalia
765 867 918 931 justit,
954 870 1004 916 &
1035 868 1269 916 consulem
1297 870 1357 928 Q.
1378 866 1484 914 Ful·

183 938 311 986 vium
333 957 533 1001 quaerere
548 977 562 998 ,
595 943 645 989 &
663 941 1024 989 animadvertere
1055 942 1102 988 in
1122 958 1201 988 eos
1217 977 1230 999 ,
1250 942 1328 1005 qui
1349 940 1478 1004 prin-

182 1010 304 1072 cipes
326 1012 375 1058 &
397 1012 601 1061 ati&ores
632 1012 977 1060 transcendendi
999 1013 1137 1076 Alpes
1171 1013 1368 1060 fuissent.

250 1086 366 1131 LIV.
400 1085 573 1132 Eodem
603 1090 732 1134 anno
759 1087 989 1150 Philippus
1025 1104 1103 1133 rex
1142 1088 1482 1146 Macedonum,

185 1154 310 1202 senio
333 1158 381 1204 &
403 1175 605 1205 moerore
627 1159 888 1206 consumtus
922 1160 1021 1222 post
1041 1173 1238 1207 mortem
1269 1158 1381 1218 filii,
1401 1161 1480 1206 de·-

186 1231 318 1277 cessit.
340 1233 632 1280 Demetriade
651 1234 939 1290 hibernabat,
957 1250 1062 1281 cum
1082 1233 1298 1295 desiderio
1319 1232 1485 1280 anxius¹

185 1302 297 1360 filii,
335 1317 431 1350 tum
465 1305 737 1366 poenitentia
774 1305 1049 1352 crudelitatis
1083 1304 1186 1351 suae.
1226 1302 1481 1364 stimulabat

185 1375 386 1422 animum
409 1376 457 1424 ἃ
486 1379 597 1423 alter
625 1377 769 1434 filius,
805 1379 922 1424 haud
943 1378 1076 1424 dubie
1104 1380 1152 1425 &
1185 1378 1260 1425 sua
1285 1380 1334 1426 &
1360 1378 1480 1425 alio-

185 1466 286 1495 rum
326 1450 548 1511 opinione
584 1468 696 1507 rex,
737 1451 1036 1514 conversique
1063 1450 1109 1497 in
1143 1468 1243 1498 eum
1274 1451 1482 1497 omnium

186 1524 343 1579 oculi,
380 1527 431 1572 δε
467 1525 676 1571 destituta
710 1524 943 1580 sene&tis;
985 1525 1084 1571 aliis
1123 1524 1483 1586 exspectantibus

185 1596 303 1642 suani
328 1615 519 1645 mortem
535 1635 548 1656 ‚
577 1599 673 1645 aliis
692 1615 748 1645 ne
767 1598 1123 1661 exspeRantibus
1143 1598 1337 1660 quidem.
1369 1600 1486 1658 Quo

186 1670 325 1733 magis
354 1672 630 1734 angebatur,
663 1673 712 1718 &
748 1688 850 1717 cum
885 1687 943 1716 eo
972 1670 1231 1732 Antigonus
1260 1671 1482 1718 Echecra-

187 1743 244 1789 tis
276 1742 421 1800 filim,
459 1761 628 1790 nornen
661 1743 810 1805 patrui
843 1744 1065 1807 Antigoni
1097 1743 1241 1790 ferens
1261 1779 1276 1801 ,
1304 1742 1380 1805 qui
1412 1753 1482 1788 tua·

188 1828 263 1862 tor
299 1818 497 1881 Philippi
533 1818 712 1874 fuerat,
751 1816 887 1880 regiae
919 1818 993 1863 vir
1030 1815 1301 1877 majestatis,
1337 1810 1484 1861 nobil-i

189 1890 324 1936 etiam
354 1908 499 1954 pugna
530 1890 743 1937 adversus
770 1890 1067 1936 Cleomenem
1090 1888 1484 1936 Lacedaemonium

189 1961 350 2008 clarus.
379 1963 603 2009 Tutorem
632 1979 733 2008 eum
756 1963 935 2020 Graeci,
964 1975 1013 2008 ut
1044 1961 1320 2025 cognomine
1351 1978 1375 2007 a
1406 1977 1484 2007 ce-

191 2035 298 2080 teris
329 2036 506 2098 regibus
529 2035 876 2098 distinguefent,
896 2035 1193 2097 appellarunt.
1230 2032 1381 2095 Hujus
1395 2032 1485 2080 fra-

191 2103 272 2155 tris
307 2108 428 2154 filius
454 2109 716 2172 Antigonus
747 2124 803 2153 ex
838 2107 1076 2154 honoratis
1108 2107 1305 2169 Philippi
1330 2106 1487 2153 amicis

191 2197 309 2227 unus
328 2181 620 2242 incorruptus
646 2177 972 2242 permanserat:
1009 2179 1138 2241 eique
1165 2194 1215 2225 ea
1245 2177 1379 2235 fides,
1406 2193 1484 2224 ne-

192 2270 419 2316 quaquam
440 2253 631 2301 amicum
652 2252 830 2310 Persea,
849 2250 1199 2298 inimicissimum
1221 2250 1398 2297 fecerat.
1420 2248 1458 2295 is
1468 2285 1486 2307 ,v

194 2328 473 2390 prospiciens
509 2327 691 2384 animo,
719 2336 889 2390 quanto
925 2342 1025 2371 cum
1059 2323 1264 2386 periculo
1295 2324 1375 2368 suo
1408 2322 1484 2368 he·-

194 2402 358 2454 reditas
386 2402 514 2466 regni
546 2413 737 2451 ventura
764 2399 868 2448 effet
903 2399 959 2446 ad
993 2398 1177 2461 Persea,
1209 2409 1260 2445 ut
1287 2396 1486 2461 primum
