1618 2715
350 129 899 180 HISTORIARUM
934 132 1052 178 LIB.
1087 131 1187 178 XL.
1313 145 1404 195 415

114 240 351 289 reliRurus
374 240 521 287 fuerit.
558 241 631 288 Ab
654 240 945 287 Demetriade
974 239 1202 303 profe6hts
1215 275 1229 297 ,
1263 237 1410 286 Thes·

116 315 329 362 salonicae
359 315 601 377 plurimum
628 314 849 376 temporis
885 325 1086 359 moratus
1115 312 1274 359 fuerat.
1305 312 1410 358 inde

118 405 224 435 cum
248 388 543 450 Amphipolin
577 388 794 444 venisset,
827 387 952 451 gravi
980 387 1148 433 morbo
1171 386 1233 433 est
1257 386 1410 450 impli-

118 462 249 508 citus.
284 462 358 509 sed
384 463 536 509 animo
565 475 713 508 tamen
747 479 912 524 aegrum
932 462 1067 524 magis
1086 459 1244 519 fuiffe,
1275 477 1410 523 quam

117 549 344 595 corpore,
367 534 572 580 constat:
605 533 807 596 curisque
841 534 891 581 ὃ(
918 531 1087 594 vigiliis
1120 531 1256 595 (cum
1280 531 1410 577 iden·

119 604 259 652 tidem
289 607 454 670 species
483 610 532 654 &
553 607 722 653 umbrae
755 606 946 652 insontis
968 605 1194 651 interemti
1218 604 1300 650 filii
1321 605 1412 667 agi-

119 680 309 742 tarent)
342 679 606 725 exstinctum
634 679 716 724 effe
750 695 854 724 cum
884 679 990 724 diris
1027 677 1411 724 exsecrationibus

119 751 315 798 alterius
348 755 522 799 Tamen
551 751 786 797 admoneri
819 750 1031 813 potuisset
1057 751 1319 814 Antigonus
1337 787 1350 808 ‚
1377 750 1410 796 fi

118 823 240 870 haud
262 824 403 870 statim
436 825 582 887 palam
613 824 724 869 faCta
752 823 856 870 effet
881 840 1005 870 mors
1039 824 1166 886 regis.
1203 823 1413 869 Medicus

121 895 375 959 Calligenes
393 933 405 953 ‚
439 898 518 960 qui
554 897 780 942 curationi
809 909 1020 959 praeerat‚
1049 913 1144 942 non
1166 895 1414 959 exspectata

120 980 269 1014 morte
305 969 451 1032 regis,
479 986 502 1014 a
531 968 687 1030 primis
717 968 1039 1030 desperationis
1071 969 1192 1014 notis
1228 969 1414 1015 nuntios

121 1037 453 1101 praedispofitos
468 1077 481 1098 9
504 1040 562 1086 ita
584 1055 632 1087 ut
652 1056 958 1101 convenerat,
980 1043 1095 1089 misit
1112 1045 1165 1088 ad
1184 1043 1414 1101 Perseum3

123 1111 175 1157 &
200 1125 393 1157 mortem
416 1114 531 1175 regis
563 1114 610 1160 in
630 1116 878 1162 adventum
899 1116 992 1178 ejus
1018 1131 1176 1161 omnes
1193 1148 1206 1172 ,
1236 1117 1315 1175 qui
1337 1130 1414 1158 ex-

67 1192 69 1195 ’
121 1194 188 1229 tra
209 1184 375 1247 regiam
395 1202 545 1242 erant,
567 1187 747 1234 celavit.

190 1255 323 1299 LVn.
360 1255 593 1316 Oppreffit
626 1255 761 1317 igitur
792 1254 1119 1317 necopinantes
1146 1253 1413 1317 ignarosque

123 1342 283 1372 omnes
302 1326 483 1373 Perseus
502 1364 513 1384 ‚
542 1328 593 1373 &
622 1344 808 1389 regnum
843 1327 1007 1374 scelere
1036 1340 1215 1390 partum
1239 1326 1415 1374 invasit.

125 1399 478 1462 Peropportuna
513 1416 637 1446 mors
657 1400 852 1462 Philippi
877 1399 961 1445 fuit
980 1402 1035 1446 ad
1055 1399 1344 1456 dilationem,
1366 1401 1417 1446 ὅζ

124 1472 179 1517 ad
215 1472 331 1517 vires
363 1471 485 1518 bello
508 1472 848 1518 contrahendas.
885 1489 987 1518 nam
1015 1471 1117 1534 post
1139 1470 1292 1533 paucis
1326 1471 1418 1517 die-

125 1543 209 1589 bus
230 1560 335 1606 gens
355 1544 662 1590 Bastarnarum
678 1580 692 1603 ,
726 1544 802 1590 diu
822 1543 1058 1591 sollicitata
1074 1576 1087 1598 ‚
1116 1544 1171 1589 ab
1200 1542 1286 1589 suis
1304 1542 1419 1589 sedi·

124 1615 208 1662 bus
238 1632 395 1678 magna
429 1617 627 1678 peditum
663 1615 956 1679 equitumque
983 1633 1115 1661 manu
1142 1615 1295 1661 Istrum
1326 1628 1419 1661 tra-

125 1688 247 1752 jecit.
282 1690 384 1736 inde
406 1689 644 1753 praegreffis
663 1726 677 1748 ,
697 1690 775 1753 qui
796 1691 1060 1737 nuntiarent
1076 1690 1200 1754 regi,
1229 1689 1419 1752 Antigo-

127 1779 192 1808 no
222 1764 272 1809 &
297 1763 494 1809 Cottoni
526 1762 725 1826 (nobilis
757 1776 851 1809 erat
876 1763 1117 1819 Bastarna;
1150 1764 1200 1810 &
1223 1763 1421 1825 Antigo-

128 1852 213 1882 nus
245 1834 496 1898 perinvitus
530 1852 630 1881 cum
663 1835 760 1898 ipso
786 1836 993 1882 Cottone
1026 1836 1195 1897 legatus
1226 1836 1280 1881 ad
1305 1852 1419 1881 con-

130 1909 335 1957 citandos
355 1911 582 1955 Bastarnas
605 1908 784 1972 mifl'us)
819 1910 939 1955 haud
965 1909 1130 1972 procul
1152 1909 1421 1972 Amphipoli

127 1983 246 2030 fama
263 2020 276 2043 ,
309 1984 411 2030 inde
433 1984 543 2030 certi
565 1984 711 2031 nuntii
729 1999 1050 2041 occurrerunt,
1077 1996 1311 2030 mortuum
1332 1968 1418 2029 effe

130 2074 294 2120 regem.
327 2075 427 2120 quae
454 2074 523 2104 res
554 2073 738 2103 omnem
761 2057 968 2103 ordinem
994 2056 1171 2103 consilii
1200 2057 1420 2102 turbavit.

133 2130 450 2192 Compofitum
473 2144 620 2176 autem
645 2130 703 2177 fic
724 2129 888 2176 fuerat:
921 2128 1153 2176 transitum
1177 2145 1256 2191 per
1275 2129 1418 2174 Thra·

132 2202 247 2249 ciam
280 2213 427 2248 tutum
461 2205 508 2250 ὃ(
539 2215 817 2249 commeatus
847 2200 1065 2248 Bastarnis
1103 2212 1153 2246 ut
1187 2199 1420 2262 Philippus

133 2273 374 2335 praestaret.
410 2273 455 2318 id
483 2286 530 2319 ut
559 2273 705 2319 facere
726 2274 900 2336 posset,
929 2273 1167 2336 regionum
1191 2272 1419 2334 principes

135 2345 267 2390 donis
300 2345 529 2401 coluerat,
565 2344 651 2391 fide
680 2345 751 2391 sua
779 2345 978 2408 obligata
997 2380 1011 2403 ‚
1044 2357 1206 2407 pacato
1244 2346 1419 2408 agmine

135 2416 398 2465 tranfituros
428 2417 670 2465 Bastarnas.
707 2419 1029 2466 Dardanorum
1059 2433 1240 2482 gentem
1272 2417 1420 2466 delere
