1618 2715
271 111 816 159 HISTORIARUM
851 110 973 155 LIB.
1008 109 1208 157 XXXV.
1329 128 1392 175 49

111 220 328 268 immixtae
347 218 592 266 Romanis:
628 235 722 264 non
755 217 859 280 quia
887 217 998 280 ipsas
1020 233 1171 280 operae
1198 218 1392 280 pretium

111 295 216 341 efl'et
247 293 543 358 perscribere,
571 291 643 337 led
671 291 775 354 quia
801 290 943 337 causae
970 290 1149 336 fuerunt
1173 307 1274 338 cum
1298 294 1392 338 An-

110 368 270 415 tiocho
290 366 410 413 belli.
443 364 721 411 Consulibus
746 364 1005 426 designatis,
1037 364 1172 427 (inde
1200 382 1393 427 namque

111 436 413 501 diverteram)
440 439 488 484 L.
508 423 744 496 Quiritium
763 438 911 483 &Cn
930 437 1161 484 Domitius
1186 437 1392 483 consules

111 509 160 556 in
193 510 454 573 provincias
476 509 667 572 profeffi
693 509 820 555 sunt:
853 510 947 568 Qui
936 509 1129 555 {istius
1120 526 1164 554 m
1185 510 1390 572 Ligures,

112 584 348 631 Domitius
372 583 580 631 adversus
610 581 760 643 Boios.
790 576 900 642 'Boji
932 582 1228 644 quieverunt:
1257 595 1392 646 atque

112 657 246 703 etiarn
278 657 450 702 senatus
476 673 635 702 eorum
661 673 761 701 cum
782 655 929 700 liberis
947 691 959 708 ‚
991 657 1039 702 δέ
1060 654 1258 716 praefeffi
1287 671 1392 702 cum

112 730 308 790 equitatu
330 729 524 791 (summa
547 728 750 776 omnium
771 727 890 773 mille
911 728 960 772 &
985 725 1251 790 quingenti)
1276 743 1392 774 con-

113 802 194 848 suli
225 803 488 848 dediderunt
519 800 618 846 sese.
651 800 721 845 Ab
750 800 892 845 altero
922 798 1103 844 consule
1132 815 1234 861 ager
1254 799 1391 862 Ligu-

114 892 213 922 rum
249 875 335 922 late
369 874 429 920 est
463 873 656 919 vastatus
677 909 690 928 ,
726 872 990 934 castellaque
1026 871 1200 934 aliquot
1236 884 1392 935 capta:

115 948 233 994 unde
263 963 355 991 non
388 945 534 1008 praeda
568 944 708 990 modo
739 943 886 989 omnis
918 942 1091 1004 generis
1116 959 1217 988 cum
1248 943 1397 1005 capti-'

117 1021 185 1068 vis
205 1032 325 1082 parta
344 1053 356 1074 ‚
385 1018 455 1064 {ed
487 1017 655 1078 recepti
688 1033 871 1079 quoque
901 1015 1077 1077 aliquot
1108 1014 1232 1060 cives
1257 1014 1394 1061 socii-

114 1108 229 1155 que,
258 1090 334 1152 qui
365 1091 410 1136 iu
430 1088 623 1134 hostium
646 1085 860 1149 potestate
883 1085 1069 1131 fuerant.
1104 1086 1274 1131 Eodem
1302 1086 1394 1133 hoc

116 1181 238 1211 anno
256 1163 482 1209 Vibonem
505 1159 689 1208 colonia
719 1159 901 1204 dedu&a
931 1158 991 1204 est
1021 1174 1075 1203 ex
1107 1157 1394 1204 senatuscon-

117 1236 236 1283 sulto
255 1236 487 1299 piebeique
513 1235 639 1281 scito.
672 1235 754 1280 tria
786 1232 924 1278 millia
944 1234 992 1277 δε
1016 1230 1283 1294 septingenti
1313 1248 1394 1292 pe·-

117 1307 230 1354 dites
258 1308 430 1364 ierunt,
466 1307 653 1353 trecenti
686 1307 874 1369 equites.
911 1303 1163 1350 Triumviri
1194 1303 1400 1349 deduxee

119 1393 227 1427 runt
258 1397 335 1427 eos
359 1417 371 1439 ,
408 1382 469 1439 Q.
498 1379 718 1437 Naevius,
752 1381 815 1425 M.
850 1377 1105 1434 Minucius,
1142 1378 1206 1422 M.
1238 1375 1398 1423 Furius

121 1454 356 1515 Craffipes.
391 1452 529 1515 quina
558 1452 670 1497 dena
701 1450 850 1512 jugera
880 1449 968 1511 agri
999 1449 1098 1494 data
1124 1449 1170 1494 in
1199 1447 1398 1511 singulos

119 1525 288 1587 pedites
313 1525 438 1580 sunt,
462 1523 629 1585 duplex
659 1522 899 1585 equitibus.
936 1521 1214 1566 Bruttiorum
1236 1522 1398 1583 proxi-

120 1613 191 1643 me
211 1596 353 1642 fuerat
374 1612 500 1658 ager:
531 1594 693 1640 Bruttii
715 1607 923 1656 ceperant
943 1593 994 1639 de
1012 1594 1199 1640 Graecis.
1235 1595 1398 1639 Romae

121 1686 203 1732 per
239 1671 354 1716 idem
392 1683 567 1732 tempus
606 1668 698 1714 duo
736 1667 921 1714 maximi
955 1666 1135 1712 fuerunt
1168 1679 1398 1723 terrores;

122 1743 322 1790 diutinus
351 1742 490 1798 alter,
517 1741 591 1787 sed
623 1739 812 1802 segnior.
840 1739 988 1784 'Terra
1012 1739 1103 1784 dies
1138 1738 1398 1801 duodequa-

123 1815 322 1878 draginta
355 1814 517 1861 movit.
550 1829 629 1875 per
659 1812 847 1859 totidem
879 1811 971 1857 dies
999 1810 1121 1857 feriae
1155 1811 1202 1857 in
1231 1811 1401 1858 sollici·-

124 1887 279 1934 tudine
308 1902 359 1932 ac
392 1897 513 1931 metu
553 1884 689 1930 fuere.
734 1884 782 1929 in
813 1882 1009 1928 triduum
1045 1879 1137 1942 ejus
1174 1882 1239 1928 rei
1273 1881 1402 1928 causa

124 1958 386 2020 supplicatio
419 1957 565 2003 habita
601 1956 675 2002 est.
714 1956 790 2001 Ille
823 1970 919 2000 non
947 1970 1095 2016 pavor
1124 1971 1297 2010 vanus,
1327 1954 1401 2000 sed

127 2047 239 2079 vera
267 2030 509 2076 multorum
542 2028 686 2075 clades
715 2026 808 2072 fuit.
844 2025 1058 2072 incendio
1089 2043 1113 2072 a
1142 2025 1248 2070 foro
1281 2027 1403 2071 Boa-

124 2104 197 2151 rio
229 2117 334 2151 orto
350 2139 362 2161 ,
386 2104 500 2150 diem
522 2104 786 2164 nofflemque
808 2100 992 2148 aedificia
1008 2101 1054 2146 in
1072 2101 1272 2146 Tiberim
1293 2118 1402 2147 ver-

125 2176 168 2223 sa
185 2176 349 2233 arsere,
375 2177 658 2237 tabernaeque
677 2190 834 2221 omnes
850 2190 952 2221 cum
968 2173 1114 2237 magni
1134 2172 1265 2236 pretii
1282 2187 1405 2219 mer*

127 2249 254 2297 cibus
279 2248 688 2311 conflagraverunt.

192 2321 308 2368 XLI.
329 2322 420 2368 Jam
439 2319 529 2366 fere
551 2320 597 2365 in
616 2318 741 2366 exitu
760 2334 904 2368 annus
925 2330 1044 2370 erat:
1069 2320 1119 2365 &
1137 2317 1184 2365 in
1203 2317 1295 2366 dies
1314 2334 1408 2373 mag

136 2434 139 2437 ,
198 2395 249 2440 T.
278 2395 370 2441 Liv.
397 2399 498 2444 Vol.
526 2394 611 2445 VJ.
1107 2392 1155 2439 D
