1618 2715
222 127 286 170 44
571 111 1133 159 T1T1L1V11

224 218 484 281 plerumque
519 217 816 264 Alexamenus
850 228 941 262 erat
962 251 976 271 ‚
1014 228 1114 261 ante
1142 219 1260 278 signa
1293 217 1495 266 vectam-⁴

225 302 298 335 tur
319 325 333 348 ,
373 306 544 337 cornua
577 300 773 334 extrema
809 286 1036 342 invisen33
1071 287 1117 332 in
1153 287 1310 335 dextro
1349 306 1495 337 cornu

224 361 366 408 AEtoli
399 373 554 419 erant,
587 362 635 407 δι
667 359 745 423 qui
776 370 876 405 ante
911 358 1142 422 auxiliares
1177 361 1363 422 tyranni
1395 362 1495 408 fue-

224 444 348 489 rant,
368 435 416 479 &
441 431 518 494 qui
537 442 753 477 venerant
775 429 894 476 mille
917 447 1020 476 cum
1034 430 1330 476 Alexameno.
1361 431 1497 477 Fece—

223 517 293 550 rat
310 503 389 550 fibi
409 519 580 549 rnorem
598 502 892 547 Alexamenus
907 537 921 559 ,
941 519 1060 549 nunc
1083 518 1182 548 cum
1202 514 1403 565 tyranno
1426 502 1499 547 in-

224 588 293 622 ter
307 590 475 638 paucos
495 575 675 620 ordines
698 574 1027 631 circumeundi,
1049 573 1352 636 monendique
1370 590 1500 630 eum,

227 666 326 713 quae
344 648 390 694 in
408 664 501 694 rem
520 647 602 693 effe
622 646 919 701 videbantut3
947 662 1067 693 nunc
1086 648 1132 693 in
1166 646 1371 693 dextrum
1392 662 1497 693 cor-

226 739 291 767 nu
321 721 375 767 ad
402 720 503 766 suos
534 718 847 782 adequitandi3
874 735 983 765 mox
1005 718 1133 776 inde,
1161 718 1286 766 velut
1309 718 1502 780 impera-

229 807 279 840 to
298 831 311 852 ,
341 794 468 858 quod
498 810 568 841 res
596 791 893 855 poposcisset,
917 789 1159 853 recipiendi
1192 789 1233 836 se
1262 791 1316 836 ad
1346 802 1500 855 tyran-

230 884 353 913 num.
387 866 472 912 Sed
486 901 500 923 ,
527 880 660 929 quem
679 864 796 910 diem
816 863 1033 926 patrando
1059 862 1250 909 facinori
1270 862 1513 922 statuerat,

229 957 286 986 co
316 938 533 1002 paulisper
563 954 663 985 cum
695 950 896 1001 tyranno
931 936 1157 993 vectatus,
1186 952 1287 982 cum
1315 935 1368 980 ad
1397 935 1505 982 suos

230 1013 533 1069 conceffiffet,
561 1024 655 1058 tum
685 1011 908 1075 equitibus
936 1011 992 1057 ab
1014 1010 1152 1056 domo
1180 1008 1325 1055 secum
1344 1008 1502 1064 miffis,

230 1090 411 1149 Agenda
428 1121 442 1142 ,
474 1084 619 1147 inquit
631 1120 645 1142 ‚
663 1103 723 1131 res
740 1086 792 1151 est
806 1120 822 1141 ,
836 1084 1011 1141 juvenes
1030 1118 1043 1139 ,
1064 1085 1328 1143 audendaque
1344 1116 1357 1136 ,
1379 1100 1503 1142 quam·

231 1179 293 1205 me
329 1164 427 1205 duce
464 1161 632 1219 impigre
672 1159 835 1218 exfi’q'ui
874 1156 974 1218 juffi
999 1157 1101 1222 estis.
1156 1156 1307 1200 Parate
1340 1156 1506 1199 animos

233 1233 476 1292 ‹lcxcrqsqzce
490 1267 505 1287 ,
536 1249 585 1275 ne
608 1234 697 1291 quis
719 1233 762 1275 in
783 1248 827 1275 eo
843 1264 857 1286 ,
887 1231 997 1289 quod
1012 1246 1072 1272 me
1091 1230 1240 1272 viderit
1251 1226 1474 1285 facientem
1490 1260 1505 1283 ‚

234 1325 272 1353 ce
309 1321 357 1350 et.
399 1307 488 1365 Qui
520 1304 728 1350 cszlatzis
751 1302 909 1360 fixerit,
942 1299 984 1347 δ’
1006 1301 1138 1361 suum
1171 1299 1383 1363 confilium
1405 1307 1509 1343 ‘meo

220 1381 458 1437 ,interponet
474 1412 487 1432 ,
510 1376 715 1439 sciatfibi
733 1379 902 1421 reditum
922 1377 981 1419 acl
990 1389 1158 1433 penates
1173 1367 1264 1418 non·
1276 1371 1359 1435 effe.
1382 1373 1507 1417 Hor-

234 1466 311 1494 ror
349 1450 533 1495 cunctos
570 1447 720 1509 cepit:
762 1448 811 1493 &
848 1445 1174 1501 meminerant,
1212 1461 1312 1491 cum
1346 1443 1508 1507 quibus

235 1522 452 1569 mandatis
472 1520 670 1567 exissent.
698 1522 943 1582 Tyrannus
957 1518 1014 1582 ab
1036 1517 1158 1563 laevo
1179 1534 1324 1564 cornu
1350 1517 1509 1565 venie-

236 1596 326 1640 hat.
361 1595 535 1640 Ponere
566 1591 704 1638 hastas
736 1591 905 1653 equites
943 1589 1239 1636 Alexamenus
1275 1588 1424 1648 jubet,
1457 1589 1509 1635 &z

236 1666 278 1713 se
305 1666 480 1713 intueri.
515 1664 688 1727 colligit
721 1665 770 1710 &
803 1663 893 1725 ipse
923 1662 1120 1709 animum
1145 1660 1378 1706 confusum
1407 1671 1509 1707 tan-

237 1753 295 1787 tae
315 1738 591 1802 cogitatione
618 1735 697 1783 rei.
734 1735 971 1797 Postquam
994 1732 1405 1797 appropinquabat,
1424 1732 1510 1779 im-

237 1824 390 1875 petum
422 1810 554 1869 facit,
576 1812 650 1868 &,
677 1806 891 1855 transfixo
914 1824 1060 1870 equo,
1087 1818 1334 1870 tyrannum
1360 1806 1513 1857 detur-2

236 1886 328 1932 bat.
360 1886 582 1931 Iacentem
601 1882 772 1945 equites
791 1879 1075 1927 confodiunt.
1113 1878 1265 1926 multis
1286 1877 1442 1924 frustra
1464 1878 1511 1924 in

238 1957 426 2004 loricam
444 1956 601 2003 istibus
619 1954 753 2011 datis,
781 1953 958 1999 tandem
973 1951 1020 1997 in
1038 1949 1205 1996 nudum
1225 1965 1389 2011 corpus
1408 1950 1515 1996 vul-

239 2047 347 2076 nera
366 2038 692 2092 pervenerunt:
722 2028 771 2073 &
787 2061 801 2084 ,
830 2024 1083 2088 priusquam
1101 2040 1125 2070 a
1145 2023 1289 2071 media
1307 2022 1401 2070 acie
1421 2022 1515 2071 suc·

239 2114 493 2150 curreretur
507 2136 520 2157 ,
540 2097 796 2159 exspiravit.

308 2174 537 2219 XXXVI.
573 2170 872 2217 Alexamenus
902 2185 1004 2215 cum
1036 2165 1244 2213 omnibus
1268 2164 1429 2213 AEtolis
1447 2166 1515 2212 ci-

244 2257 339 2292 tato
371 2244 508 2308 gradu
531 2243 584 2289 ad
611 2240 777 2305 regiam
811 2239 1113 2301 occupandam
1141 2236 1298 2300 pergit.
1331 2238 1517 2299 Corpo-

245 2319 304 2364 ris
332 2318 566 2375 custodes,
601 2332 703 2363 cum
736 2330 804 2360 res
835 2314 881 2360 in
913 2313 1056 2360 oculis
1087 2323 1337 2376 gereretur,
1370 2328 1517 2373 pavor

247 2389 400 2456 primo
432 2389 579 2455 cepit:
619 2388 808 2448 deinde,
842 2387 1077 2453 postquam
1109 2385 1228 2433 abire
1260 2386 1520 2435 AEtolorum
