1618 2715
294 132 1189 189 HISTORIARUMLIB.XL.
1303 140 1399 205 395·

118 247 318 307 Maenio,
340 245 593 311 priusquam
621 244 667 290 in
690 243 935 290 Sardiniam
959 239 1242 303 provinciam
1271 235 1401 298 traji-

119 334 266 377 ceret,
286 322 477 368 decreta.
499 317 702 379 SuspeRa
721 314 917 362 consulis
936 326 1031 360 erat
1049 329 1171 359 mors
1190 311 1400 357 maxime.

121 404 306 440 necatus
335 410 360 438 a
386 394 556 469 Quarta
576 388 768 436 Hostilia
791 381 936 433 uxore
965 385 1207 433 dicebatur.
1233 395 1281 430 ut
1300 383 1401 446 qui-

121 466 222 512 dem
245 464 364 510 filius
386 462 479 524 ejus
500 464 556 522 Q
585 445 773 508 Fulvius
796 459 1011 506 Flaccus
1001 475 1048 505 m
1067 457 1260 503 locum
1244 454 1401 501 sitrici

123 537 285 585 consul
308 537 370 583 est
387 538 656 591 declaratus,
676 533 908 597 aliquanto
928 531 1067 595 magis
1085 530 1260 577 infamis
1276 544 1402 575 mors

122 611 297 659 Pisonis
325 611 466 673 coepit
493 609 608 655 effe:
641 610 690 656 &
724 607 850 654 testes
879 605 1173 661 exsistebant,
1197 603 1274 665 qui
1302 600 1402 664 post

122 685 373 734 declaratos
405 682 609 731 consules
646 681 862 727 Albinum
893 681 942 726 δέ
972 677 1176 724 Pisonem
1194 713 1209 733 ‚
1239 675 1403 739 quibus

123 757 321 805 comitiis
350 757 532 804 Flaccus
553 754 712 802 tulerat
738 752 949 815 repulsam
966 787 979 809 ,
1005 754 1052 798 δέ
1081 750 1405 813 exprobratum

124 830 167 876 ei
201 847 226 876 a
254 841 394 876 matre
422 829 648 883 dicerent,
675 827 798 888 quod
832 825 918 887 jam
952 824 992 870 ei
1016 824 1195 869 tertium
1221 834 1405 884 negatus

123 901 381 950 consulatus
409 900 578 964 petenti
610 899 741 955 effer,
761 901 810 946 ὃς
837 896 1066 958 adjecisse,
1085 912 1254 957 pararet
1268 896 1317 956 fi
1344 896 1408 939 acl

118 979 342 1036 petendum
362 995 382 1031 ,·
412 978 523 1021 intra
559 977 663 1019 dnos
696 974 850 1033 menses
886 970 1114 1034 fffluram
1134 1004 1145 1024 ‚
1180 986 1227 1015 ut
1259 969 1408 1028 consul

114 1050 246 1107 fieret.
278 1050 398 1094 Inter
416 1046 556 1093 multa
585 1045 669 1091 alia
693 1043 971 1095 testimonia,
999 1042 1052 1087 ad
1073 1040 1243 1087 causam
1265 1038 1406 1102 perti-

128 1121 280 1167 nentia
296 1156 309 1178 ,
335 1120 431 1167 haec
450 1136 634 1182 quoque
654 1134 750 1164 vox
765 1153 778 1174 ‚
800 1117 930 1162 nimis
951 1132 1064 1162 vero
1087 1126 1255 1161 eventu
1275 1124 1407 1160 c0m⁴

126 1191 351 1253 probata,
385 1190 557 1246 valuit,
594 1205 672 1236 cur
709 1187 899 1234 Hostilia
939 1188 1237 1232 damnaretur.
1275 1183 1407 1229 Veris

129 1263 357 1326 principio
386 1262 517 1323 hujus
534 1298 548 1320 ‚
567 1263 674 1308 dum
699 1261 903 1308 consules
925 1276 1076 1309 novos
1097 1258 1290 1304 delectus
1311 1257 1408 1301 Ro·

128 1353 215 1382 mae
237 1348 382 1393 tenet,
402 1351 524 1381 mors
547 1335 706 1380 deinde
723 1333 903 1380 alterius
919 1369 932 1390 ‚
951 1335 999 1380 ὃ(
1021 1331 1199 1378 creandi
1223 1329 1410 1376 comitia

133 1410 331 1457 consulis
362 1410 408 1455 in
437 1409 590 1455 locum
623 1406 743 1467 ejus,
771 1405 925 1451 omnia
956 1405 1149 1450 tardiora
1176 1402 1408 1448 fecerunt:

131 1483 310 1529 interim
336 1484 383 1529 P.
400 1481 641 1528 Cornelius
666 1482 714 1527 &
736 1481 799 1525 M.
820 1479 1016 1537 Baebius,
1041 1478 1118 1540 qui
1137 1477 1183 1523 in
1204 1475 1409 1524 consuia-

132 1566 181 1600 tu
209 1554 325 1600 nihil
347 1552 635 1600 memorabile
660 1552 873 1616 gesserant
888 1587 902 1609 ,
923 1552 970 1598 in
988 1553 1202 1614 Apuanos
1227 1549 1410 1612 Ligures

133 1627 378 1673 exercitum
411 1626 701 1672 induxerunt.

197 1700 450 1745 XXXVIII.
478 1698 692 1761 Ligures,
718 1696 795 1759 qui
824 1708 925 1742 ante
954 1694 1198 1741 adventum
1223 1693 1268 1739 in
1298 1709 1412 1756 pro-

96 1806 100 1809 -
135 1771 333 1820 vinciam
361 1769 594 1818 consulum
628 1786 723 1815 non
753 1767 1061 1831 exspessaffent
1094 1766 1256 1812 bellum
1277 1802 1291 1825 ‚
1322 1765 1412 1811 im-

134 1845 326 1910 proviso
344 1845 563 1908 oppreffi,
586 1844 639 1890 ad
659 1844 897 1890 duodecim
923 1841 1059 1887 mima
1081 1840 1317 1886 hominum
1336 1840 1413 1884 de-

134 1920 344 1966 diderunt
370 1918 425 1964 se.
452 1920 541 1964 Eos
557 1953 571 1975 ‚
593 1917 801 1964 consulto
824 1932 902 1978 per
922 1915 1069 1960 literas
1087 1913 1208 1975 prius
1227 1912 1378 1958 senatu
1394 1946 1411 1968 ,

136 1993 356 2037 deducere
385 2006 442 2035 ex
465 1988 695 2035 montibus
722 1988 769 2033 in
799 2003 930 2050 agros
960 1984 1221 2047 campestres
1248 1982 1410 2046 procul

138 2065 193 2110 ab
221 2065 361 2110 domo
378 2098 393 2120 ‚
417 2079 472 2109 ne
504 2062 670 2108 reditus
701 2060 794 2123 spes
819 2060 921 2106 effet
941 2095 954 2117 ‚
971 2057 1210 2105 Cornelius
1231 2059 1278 2103 ὃς
1308 2058 1422 2102 Bae-'

137 2136 236 2182 hius
263 2135 535 2191 statuerunt,
564 2133 735 2179 nullum
761 2132 829 2179 ali
825 2149 896 2178 lm
927 2149 964 2177 a
958 2147 1066 2177 ηε
1057 2129 1187 2175 ‘inem
1210 2128 1293 2175 rati
1312 2127 1413 2174 fore

138 2205 353 2270 Ligustini
380 2206 499 2253 belli.
537 2208 651 2268 Ager
683 2204 888 2266 publicus
915 2201 1074 2265 populi
1096 2200 1292 2246 Romani
1320 2210 1414 2244 erat

138 2277 183 2323 in
216 2277 513 2335 Samnitibus,
533 2277 612 2340 qui
638 2275 985 2323 Taurasinorum
1013 2272 1207 2336 [ruerat.
1242 2273 1291 2316 In
1311 2286 1414 2315 eum

139 2346 295 2410 cum]
319 2348 546 2394 traducere
580 2347 762 2409 Ligures
793 2349 1009 2408 Apuanos
1037 2343 1234 2396 velient,
1260 2340 1414 2386 edixe-

141 2434 277 2478 runt,
297 2420 477 2484 Ligures
496 2421 551 2467 ab
578 2420 728 2468 Anido
757 2418 987 2467 montibus
1017 2416 1279 2465 descendere
1310 2431 1417 2462 cum
