1618 2715
291 120 844 168 HISTORIARUM
879 120 1005 167 LIB.
1036 119 1255 169 XXXVI.
1357 122 1422 187 83'

133 226 274 290 ptias,
292 226 471 290 petisse,
496 227 754 274 AEtolorum
775 244 891 274 vana
916 220 1127 291 pro'miffa
1147 227 1346 277 incusare
1366 233 1421 278 <Sc

133 300 390 347 Thoantem
414 318 425 347 :
457 299 753 345 Hannibalem
780 317 922 356 vero,
954 317 1048 346 non
1073 311 1123 346 ut
1152 302 1419 363 prudentem

134 383 307 418 tantum
329 372 476 417 virum
491 408 505 428 ‚
527 371 599 418 secl
618 388 760 434 prope
779 383 929 417 vatem
949 371 1152 418 omnium
1169 409 1181 430 ‚
1202 390 1303 436 quae
1322 386 1419 422 turn

135 444 399 499 evenirent,
428 444 649 490 admirari.
689 461 744 490 ne
773 455 919 490 tamen
953 455 1118 490 temere
1151 459 1324 509 coepta,
1355 446 1421 494 se·

135 515 274 579 gnitia
302 515 478 578 insuper
511 528 762 573 everteret,
785 516 970 562 nuntios
999 516 1047 561 in
1077 519 1290 566 AEtoliam
1314 521 1420 568 mit-

135 588 216 646 tit,
247 600 324 645 ut,
362 589 490 635 omni
529 590 757 636 contra&a
793 587 1060 648 juventute,
1098 592 1422 642 convenirent.'

135 661 230 708 Jam
261 663 310 708 &
342 661 432 724 ipse
461 678 517 708 eo
546 662 699 708 decem
733 662 873 708 millia
902 661 995 708 fere
1023 662 1224 725 peditum
1254 682 1309 711 ex
1338 666 1420 724 iis,

138 733 216 796 qui
246 734 398 795 postea
435 747 653 780 venerant
686 751 742 780 ex
772 735 897 791 Afia,
929 735 1134 797 expleta,
1165 738 1214 783 ὅ(
1247 739 1420 801 equites

138 805 411 869 quingentos
440 806 580 852 (luxit.
616 807 727 866 Quo
761 824 860 853 cum
891 807 1121 869 aliquanto
1150 810 1423 871 pauciores,

138 896 274 942 quam
311 895 520 940 unquam„
542 892 697 935 antea,
734 881 1078 935 convenissent,
1112 885 1160 928 δέ
1196 883 1422 946 principes

138 954 457 999 tantummodo
489 969 587 999 cum
613 953 766 1015 paucis
789 953 1023 1007 clientibus
1050 954 1208 1012 essent,
1231 957 1423 1019 atque‘ii

138 1024 367 1082 dicerent,
389 1026 542 1072 omnia
571 1024 722 1072 sedulo
746 1027 800 1073 ab
830 1026 870 1072 se
896 1026 1005 1072 facia
1021 1062 1034 1084 ‚
1053 1039 1103 1073 ut
1123 1045 1255 1091 quam
1278 1029 1423 1091 pluri-

139 1115 240 1145 mos
265 1115 320 1144 ex
350 1098 607 1146 civitatibus
629 1098 714 1146 suis
734 1113 1008 1157 evocarent,
1030 1117 1112 1147 nec
1131 1102 1425 1161 aucloritate,

138 1187 225 1217 nec
245 1170 381 1234 gratia
398 1206 411 1226 ‚
432 1188 514 1217 nec
543 1172 734 1234 imperio
755 1172 962 1219 adversus
983 1173 1272 1220 detreetantes
1302 1174 1425 1220 mili-

138 1243 247 1290 tiam
282 1242 497 1297 valuiffe3
535 1244 766 1291 destitutus
800 1246 998 1307 undique
1032 1247 1081 1292 ὃς
1110 1246 1165 1291 ab
1199 1244 1312 1304 suis,
1345 1247 1427 1310 qui

140 1315 434 1363 morabantur
464 1316 508 1361 in
527 1317 652 1376 Afia,
682 1320 731 1365 &
757 1318 811 1364 ab
842 1317 999 1375 sociis,
1029 1319 1105 1381 qui
1127 1335 1203 1376 ea,
1234 1320 1278 1365 in
1300 1336 1425 1383 quo-

141 1405 240 1435 rum
268 1389 387 1451 spem
416 1403 726 1448 vocaverant,
759 1407 852 1437 non
883 1392 1172 1454 praestabant,
1196 1392 1311 1439 intra
1344 1394 1427 1440 sal-

141 1475 238 1508 tum
261 1461 676 1524 Thermopylarum
705 1462 790 1509 sese
824 1464 1005 1526 recepit.
1036 1464 1082 1509 ld
1106 1464 1258 1528 jugum
1276 1498 1287 1519 ‚
1312 1466 1426 1514 sicut

140 1533 372 1596 Apennini
402 1533 536 1580 dorso
566 1534 688 1582 Italia
717 1535 961 1592 dividitur,
991 1535 1052 1582 ita
1074 1537 1262 1582 mediam
1289 1540 1424 1584 Grae-

143 1608 259 1654 ciam
292 1606 474 1654 dirimit.
509 1619 611 1653 ante
643 1607 796 1655 saltum
832 1609 1248 1672 Thermopylarum
1282 1612 1328 1656 in
1360 1612 1429 1658 se-'

143 1681 465 1746 ptemtrionem
495 1681 621 1727 versa
652 1681 836 1743 Epium,
867 1683 917 1728 ὅ(
944 1682 1193 1729 Perrhaebia
1213 1719 1226 1741 ‚
1254 1686 1301 1731 &
1326 1687 1427 1731 Ma-

143 1753 315 1816 gnefia,
328 1755 377 1800 &
395 1754 610 1800 Theffalia
629 1753 689 1800 est
702 1790 716 1812 ‚
732 1755 779 1801 ὅ(
798 1753 1019 1800 Phthiotae
1041 1755 1218 1812 Achaei,
1237 1758 1285 1803 &
1306 1756 1427 1805 smus

143 1827 378 1874 Maliacus.
400 1826 515 1873 intra
538 1826 685 1873 fauces
707 1827 761 1872 ad
781 1827 1011 1873 meridiem
1033 1844 1226 1890 vergunt
1244 1831 1427 1878 AEtoliae

142 1914 246 1962 pars
266 1897 436 1958 major,
457 1900 506 1945 &
525 1897 772 1944 Acarnania
789 1935 802 1955 ‚
824 1900 872 1945 δέ
893 1915 992 1944 cum
1017 1900 1208 1946 Locride
1229 1901 1393 1948 Phocis
1410 1938 1427 1958 ‚

146 1972 198 2018 &
222 1969 400 2016 Boeotia
432 1968 724 2034 adjunffilaque
759 1971 897 2016 insula
923 1972 1126 2030 Euboea,
1156 1975 1230 2031 &,
1262 1990 1429 2020 excur-

145 2055 274 2089 rente
298 2043 344 2088 in
378 2043 539 2099 altum,
569 2043 694 2090 velut
723 2047 1072 2106 promontorio,
1100 2047 1249 2093 Attica
1281 2060 1427 2106 terra,

146 2115 225 2161 fita
245 2115 300 2162 ab
319 2128 445 2178 tergo
467 2117 516 2163 &
537 2116 885 2179 Peloponnesus.
911 2119 1013 2164 Hoc
1033 2117 1184 2182 jugum
1200 2155 1212 2174 ‚
1232 2119 1286 2165 ab
1308 2122 1428 2166 Leu-

147 2200 245 2234 cate
264 2189 313 2234 &
342 2188 452 2234 mari
480 2189 533 2235 ad
561 2189 843 2237 occidentem
876 2191 1007 2238 verso
1029 2210 1107 2254 per
1124 2193 1337 2240 AEtoliam
1370 2193 1429 2240 ad

148 2263 335 2308 alterum
363 2279 483 2309 mare
506 2262 670 2309 orienti
697 2264 924 2324 objeCmm
951 2267 1136 2314 tendens
1152 2302 1164 2321 ‚
1185 2284 1234 2314 ea
1260 2267 1428 2330 aspreta

148 2335 367 2399 rupesque
387 2335 636 2395 interjec‘las
656 2338 813 2396 habet,
834 2352 882 2386 ut
903 2357 997 2385 non
1018 2341 1159 2386 modo
1180 2342 1429 2400 exercitus,

146 2406 221 2455 sed
240 2425 295 2456 ne
317 2409 514 2474 expediti
533 2410 712 2476 quidem
728 2410 858 2460 facile
884 2413 993 2462 ullas
1010 2414 1065 2462 ad
1086 2414 1315 2463 transitum
1334 2414 1431 2472 cal-⁴

1081 2487 1112 2531 F
1148 2501 1175 2533 2
