1618 2715
247 144 791 194 HISTORIARUM
825 142 956 187 LIB.
990 139 1226 186 XXXVII.
1302 156 1382 203 153

120 251 207 315 ipse
230 250 357 298 collis
380 249 440 296 est
464 249 507 296 in
536 248 724 294 modum
748 260 877 293 metae
900 245 945 290 in
973 256 1150 291 acutum
1179 261 1391 290 cacumen

121 343 145 372 a
177 323 316 370 fundo
338 321 436 366 satis
463 321 554 366 lato
579 318 798 381 fastigatus
820 335 830 362 :
850 334 874 362 a
899 315 1151 365 continenti
1179 316 1306 360 aretae
1331 315 1393 360 se-

121 395 240 442 mitae
269 393 434 438 aditum
461 391 625 436 habet:
658 407 682 435 a
715 387 823 434 mari
855 386 994 432 exesae
1027 386 1229 432 fluetibus
1264 401 1394 447 rupes

121 467 361 518 claudunt3
397 463 456 508 ita
491 474 539 507 ut
576 459 837 523 quibusdam
875 459 988 504 locis
1026 457 1395 519 superpendentia

119 537 220 584 saxa
253 535 349 598 plus
380 534 424 580 in
453 534 615 590 altum,
647 548 807 594 quam,
837 547 935 593 quae
968 529 1014 574 in
1050 528 1235 576 statione
1271 529 1396 588 sunt,

120 625 286 666 naves,
318 607 614 670 promineant.
650 605 790 651 Circa‘
819 621 868 649 ea
899 601 1259 665 appropinquare
1298 618 1395 647 non

122 681 234 728 ausae
256 697 418 737 naves,
437 696 492 726 ne
513 679 590 726 sub
609 678 695 723 ifflu
715 676 1058 739 superstantium
1079 675 1260 737 rupibus
1284 674 1397 736 pira-

122 751 267 800 t'arurn
303 753 466 808 essent,
500 752 615 797 diem
653 750 831 796 trivere.
877 749 1079 804 tandem,
1110 747 1188 793 sub
1220 748 1399 793 no&em

124 842 247 875 vano
277 826 461 887 incepto
491 841 593 871 cum
621 821 902 877 abstitissent,
939 821 1083 866 Teum
1116 819 1295 881 postero
1328 820 1401 866 die

122 897 367 945 accessere:
401 899 472 953 δε,
506 896 551 942 in
588 907 746 957 portu,
784 894 861 955 qui
899 893 953 938 ab
987 905 1114 955 tergo
1148 891 1269 938 urbis
1309 891 1400 949 est,

123 969 451 1033 (Geraesticum
489 967 568 1030 ipsi
599 965 857 1028 appellant)
888 964 1082 1011 navibus
1119 963 1401 1020 constitutis,

127 1055 295 1105 praetor
321 1042 374 1088 ad
407 1039 769 1103 depopulandum
791 1037 908 1085 circa
932 1037 1086 1083 urbem
1110 1052 1263 1099 agrum
1284 1034 1400 1082 mili-

126 1128 191 1162 tes
212 1115 367 1161 emifit.

189 1190 396 1235 XXVIII.
412 1184 537 1245 Teji,
560 1202 658 1233 cum
681 1183 725 1230 in
740 1183 884 1231 oculis
900 1181 1136 1246 populatio
1149 1181 1276 1238 effet,
1296 1197 1401 1228 ora-

124 1274 246 1308 tores
270 1277 372 1307 cum
394 1257 546 1305 infulis
567 1259 615 1305 &
635 1275 663 1303 v
652 1257 895 1302 elamentis
919 1256 973 1301 ad
998 1256 1252 1300 Romanum
1273 1252 1400 1298 mise·

125 1348 244 1384 runt.
271 1335 431 1398 quibus
457 1331 743 1401 purgantibus
774 1330 1004 1376 civitatem
1030 1327 1176 1372 omnis
1203 1325 1305 1372 faffl
1337 1325 1401 1371 di-

127 1408 272 1471 &ique
291 1406 462 1453 hostilis
483 1403 690 1451 adversus
710 1404 968 1459 Romanos,
981 1399 1114 1458 &juv
1117 1398 1184 1481 ι’βὲ
1200 1417 1265 1444 eos
1286 1417 1401 1443 com-

129 1498 264 1529 meatu
283 1479 438 1543 claffim
462 1479 631 1543 hostium
653 1476 813 1538 arguit,
834 1475 875 1522 δ’
895 1490 1090 1534 quantum
1105 1476 1193 1517 νιηί
1212 1474 1404 1531 Polyxe-

130 1558 238 1601 nida:
258 1551 541 1616 promg'fiffenc.
575 1552 714 1615 quaefi
730 1554 864 1595 eadem
884 1548 996 1609 claſji
1012 1549 1212 1592 Romame
1232 1549 1374 1590 darent
1387 1577 1404 1601 ‚

133 1645 404 1674 revocaturum
423 1627 472 1686 fi
496 1644 521 1670 a
543 1629 687 1684 popul
684 1626 815 1668 ctione
834 1625 924 1666 mist
928 1637 1003 1666 tem
1018 1656 1035 1674 ,
1029 1620 1125 1683 ·fitz
1144 1638 1182 1663 m
1188 1622 1310 1672 inus,
1326 1635 1403 1676 pro

132 1701 307 1765 hostibus
339 1717 404 1744 eos
441 1698 686 1744 habiturum.
727 1696 829 1740 Hoc
873 1706 961 1739 tam
994 1691 1113 1738 triste
1150 1688 1406 1752 responlum

132 1790 234 1820 cum
259 1771 498 1819 retulissent
519 1768 677 1832 legati,
698 1780 890 1815 Vocatur
911 1767 955 1811 in
976 1764 1247 1813 concionem
1268 1780 1291 1808 a
1313 1779 1406 1807 ma-

134 1845 381 1909 gistratibus
403 1843 627 1907 populus,
646 1854 718 1899 ut,
742 1841 848 1904 quid
865 1852 1072 1903 agerent,
1089 1836 1406 1885 consultarent.

134 1921 202 1966 Eo
222 1917 337 1963 forte
357 1916 658 1980 Polyxenidas
677 1933 778 1962 cum
799 1913 918 1976 regia
937 1912 1062 1959 claffe
1084 1928 1108 1957 a
1127 1908 1404 1971 Colophone

135 1988 388 2052 profeflus‚
411 1989 645 2051 postquam
666 1986 854 2032 movisse
877 2002 900 2031 a
923 1986 1054 2030 Samo
1077 1984 1311 2029 Romanos
1329 1996 1408 2026 au-

135 2061 277 2118 divit,
295 2062 343 2107 δι
359 2096 372 2118 ,
389 2061 441 2107 ad
461 2058 766 2124 Myonnesum
792 2058 951 2120 piratas
974 2055 1252 2119 persecutos,
1269 2052 1409 2112 Teio-

136 2150 235 2179 rum
257 2150 409 2196 agrum
442 2131 736 2194 depopulari,
758 2146 895 2176 naves
923 2129 970 2175 in
1000 2126 1246 2175 Geraestico
1275 2138 1408 2187 portu

138 2205 247 2252 stare
263 2240 276 2263 ,
302 2204 391 2267 ipse
420 2203 627 2250 adversus
650 2201 950 2266 Myonnesum
972 2198 1175 2246 ininsula
1201 2196 1409 2260 (Macrin

139 2277 305 2324 nautici
328 2276 531 2340 vocant)
558 2292 744 2324 ancoras
774 2287 911 2337 portu
941 2272 1123 2320 occulto
1152 2270 1270 2331 jecit.
1305 2270 1408 2316 inde

139 2365 195 2396 ex
222 2348 482 2411 propinquo
510 2349 776 2411 explorans,
795 2345 902 2409 quid
925 2345 1069 2390 hostes
1097 2353 1298 2405 agerent,
1320 2340 1408 2403 pri-

139 2437 216 2471 mo
249 2421 296 2468 in
332 2440 488 2487 magna
521 2422 593 2486 spe
627 2421 738 2482 fuit,
773 2417 1151 2486 quemadmodum
1185 2415 1406 2463 Rhodiam
