1618 2715
181 102 272 152 252
545 90 1103 139 T1T1L1V11

177 193 390 257 expulere
424 195 532 243 loco
572 195 745 253 hostes3
777 196 937 243 deinde
966 210 1185 245 avertere.
1220 198 1323 263 fuga
1353 197 1458 247 inde

177 269 435 333 caedesque,
464 269 547 315 suis
575 269 692 332 ipsos
724 271 1071 337 impedientibus
1103 272 1343 335 angustiis,
1362 271 1460 320 fieri

177 353 330 404 coepta
346 341 421 388 est.
445 341 642 388 Romani
663 342 856 390 victores
877 343 931 389 ad
952 344 1102 391 vicum
1126 345 1460 391 Maronitarum

178 414 352 478 (Saren
369 414 629 479 appellant)
650 416 902 479 posuerunt
922 416 1072 464 castra.
1094 417 1272 480 postero
1291 417 1361 463 die
1379 433 1461 479 pa-

177 490 291 536 tenti
308 490 466 536 itinere
487 491 702 539 Priaticus
724 508 908 554 campus
924 507 1003 538 eos
1026 492 1225 554 excepit3
1242 491 1460 538 triduum-

176 578 266 625 que
286 562 373 620 ibi,
390 562 665 609 frumentum
685 564 981 626 accipientes,
998 563 1278 620 manserunt,
1297 562 1460 626 partim

178 650 237 680 ex
263 651 353 697 agr:
358 651 376 681 s
396 636 753 695 Maronitarum,
779 635 1119 682 conferentibus
1146 634 1277 700 ipsis,
1297 634 1461 697 partim

178 721 236 751 ex
255 704 447 752 navibus
469 706 578 764 suis,
599 724 698 771 quae
727 724 829 754 cum
852 706 1000 754 omnis
1017 707 1188 771 generis
1206 719 1462 754 commeatu

180 779 490 842 sequebantur.
522 781 590 827 Ab
621 780 792 829 stativis
825 780 913 827 diei
940 780 1015 828 via
1037 779 1329 844 Apolloniam
1363 778 1462 826 fuit.

178 851 286 898 hinc
306 869 386 914 per
407 852 719 899 Abderitarum
748 870 899 916 agrum
926 854 1168 916 Neapolim
1192 866 1462 917 perventum

180 925 255 972 est.
296 927 397 973 Hoc
428 943 565 973 omne
594 944 673 989 per
709 929 982 975 Graecorum
1017 927 1221 974 colonias
1255 939 1462 990 pacatum

180 996 264 1042 iter
299 997 395 1046 fuit.
424 998 645 1061 reliquum
677 999 780 1045 inde
802 1017 881 1061 per
912 1000 1086 1047 medios
1113 1001 1340 1056 Thracas,
1371 1000 1464 1047 dies

180 1072 443 1136 noctesque,
462 1073 539 1120 etfi
558 1090 653 1120 non
674 1072 906 1133 infestum,
921 1073 1165 1137 suspectum
1186 1087 1335 1121 tamen
1351 1110 1364 1132 ,
1382 1075 1466 1122 do-

179 1161 263 1191 nec
283 1144 329 1191 in
355 1147 669 1194 Macedoniam
694 1160 1015 1210 pervenerunt.
1039 1149 1246 1195 Mitiores
1266 1148 1464 1196 Thracas

180 1220 297 1266 idem
327 1221 576 1280 exercitus,
599 1239 700 1269 cum
725 1240 748 1267 a
767 1221 982 1284 Scipione
1004 1222 1155 1268 eadem
1182 1222 1257 1269 via
1278 1222 1465 1269 ducere-

181 1302 254 1338 tur
267 1328 281 1349 ,
301 1293 540 1350 habuerat,
562 1294 726 1341 nullam
748 1294 809 1340 ob
827 1294 957 1340 aliam
975 1293 1172 1352 causam,
1190 1312 1326 1358 quam
1341 1296 1467 1358 quod

180 1365 343 1429 praedae
368 1366 540 1423 minus,
570 1367 694 1430 quod
725 1378 979 1429 peteretur,
1001 1367 1160 1414 fuerat.
1194 1369 1466 1430 Quanquam

180 1451 277 1486 tum
299 1456 483 1504 quoque
502 1441 713 1488 Claudius
733 1442 889 1488 auctor
911 1442 995 1497 est,
1016 1442 1071 1489 ad
1089 1442 1345 1506 quindecim
1364 1442 1468 1487 mil-

180 1512 238 1558 lia
259 1513 486 1560 Thracum
502 1551 516 1571 ,
535 1513 806 1576 praecedenti
821 1513 884 1559 a&
894 1513 1170 1576 exploranda
1187 1513 1290 1561 loca
1307 1530 1466 1577 agmen

180 1585 350 1631 Mutini
383 1585 590 1632 Numidae
622 1586 876 1633 occurrisse.
907 1586 1264 1650 quadringentos
1297 1586 1467 1648 equites

182 1655 308 1704 fuiss'e
330 1657 579 1714 Numidas,
601 1673 771 1720 paucos
802 1657 1079 1720 elephantos.
1113 1657 1296 1704 Mutinis
1324 1656 1467 1706 filium

181 1747 261 1795 per
278 1731 450 1778 medios
470 1731 618 1778 hostes
641 1748 743 1778 cum
756 1743 935 1777 centum
954 1731 1276 1795 quinquaginta
1289 1731 1468 1778 delectis

181 1804 406 1867 equitibus
428 1805 682 1867 perrupisse.
713 1805 903 1865 eundem
923 1821 1062 1862 mox,
1084 1821 1186 1852 cum
1215 1803 1303 1867 jam
1324 1804 1468 1850 Muti-

182 1893 284 1935 nes,
303 1877 350 1924 in
370 1877 521 1924 medio
541 1876 789 1939 elephantis
809 1876 1068 1934 collocatis,
1081 1875 1128 1922 in
1149 1893 1319 1923 cornua
1340 1875 1470 1939 equi-

182 1947 302 1995 tibus
321 1949 565 2012 dispositis,
581 1967 762 1997 manum
785 1967 886 1997 cum
905 1949 1029 1996 hoste
1049 1948 1358 2006 conseruisset,
1379 1959 1472 1994 ter-

183 2038 333 2068 rorem
349 2023 404 2068 ab
422 2034 549 2086 tergo
565 2022 812 2085 praebuiffe.
836 2035 969 2087 atque
992 2022 1095 2069 inde
1113 2022 1314 2069 turbatos
1332 2038 1471 2085 eque-

183 2095 259 2140 stri
276 2095 405 2143 velut
426 2095 625 2158 procella
644 2095 791 2142 hostes
810 2095 865 2141 ad
884 2094 1084 2158 peditum
1105 2111 1264 2158 agmen
1279 2111 1375 2140 non
1393 2110 1471 2140 ac-

183 2168 363 2214 ceffiffe.
387 2169 472 2215 Cn.
494 2168 689 2214 Manlius
707 2185 786 2229 per
807 2167 1123 2214 Macedoniam
1145 2167 1192 2213 in
1204 2165 1470 2213 Thessaliam

186 2240 437 2287 exercitum
471 2241 681 2287 traduxit.
717 2240 820 2286 inde
853 2258 929 2304 per
959 2238 1158 2303 Epirum.
1175 2238 1469 2299 Apolloniam

186 2328 289 2359 cum
324 2313 619 2376 pervenisset,
645 2314 850 2361 nondum
878 2314 992 2366 adeo
1016 2312 1206 2358 hiberno
1234 2322 1471 2358 contemto

187 2387 320 2447 mari,
338 2402 387 2435 ut
409 2388 612 2451 trajicere
633 2389 840 2449 auderet,
862 2387 1119 2452 Apolloniae
1137 2386 1410 2434 hibernavit.
