1618 2715
190 108 277 158 152
542 94 1092 143 T1T1L1V11

185 197 255 261 esse
269 234 282 253 ‚
309 204 376 246 vel
385 201 525 262 socios
546 201 752 264 obsidione
771 204 940 248 eximere
953 238 968 260 ,
983 209 1049 250 vel
1066 204 1211 250 vidam
1226 206 1320 262 jam
1327 207 1460 267 semel

185 272 342 336 clasffim
361 277 501 320 iterum
518 277 693 331 vincere,
707 291 908 336 totamque
924 278 1054 322 maris
1060 276 1334 342 poffifflorzem
1354 283 1459 346 hosti

186 348 359 406 eripere,
388 366 532 407 quam,
563 350 725 409 desertis
743 351 904 409 sociis,
928 354 1083 397 tradita
1113 355 1325 398 Antiocho
1349 353 1459 416 Asia

185 435 288 464 terra
307 423 506 479 marique,
525 423 569 465 in
590 422 901 481 Hellespontum
914 458 928 478 ‚
947 424 1133 483 ubisatis
1150 424 1236 488 eſjec
1255 429 1296 470 E
1300 429 1458 471 amenis

187 490 340 551 elqffiQ
367 494 418 535 ab
433 493 512 552 siaa
534 509 651 552 parte
670 496 761 538 belli
786 496 1019 554 discedere?

253 562 448 610 XXVII.
474 563 665 610 Profeffi
686 566 741 611 ab
759 567 892 613 Samo
915 568 970 613 ad
993 568 1209 628 petendos
1235 585 1460 615 commea-

188 644 258 680 tus
274 669 287 691 ‚
308 634 550 681 consumtis
570 635 656 696 jam
682 638 891 684 omnibus
906 674 920 694 ‚
947 640 1110 686 Chium
1139 641 1350 702 parabant
1374 652 1460 686 tra-

188 706 340 767 jicere.
371 707 416 752 id
437 722 528 754 erat
549 710 762 756 horreum
783 712 1025 769 Romani33
1047 731 1192 775 eoque
1219 730 1375 761 omnes
1406 731 1462 761 ex

189 779 313 826 Italia
344 779 476 826 miffae
507 781 724 827 onerariae
751 782 993 846 dirigebant
1029 785 1217 832 cursum.
1250 787 1463 833 Circum-

191 851 309 896 vedii
331 851 386 897 ab
417 853 525 898 urbe
548 855 599 898 ad
618 853 769 900 aversa
789 855 939 902 insulae
963 856 1165 920 (objeeta
1188 858 1388 921 aquiloni
1409 859 1463 905 ad

192 925 359 970 Chium
384 928 432 972 &
462 926 678 989 Erythras
700 927 832 992 sunt)
861 946 960 975 cum
992 942 1199 992 pararent
1231 930 1465 992 trajicere,

192 998 333 1044 literis
367 999 532 1045 certior
570 999 620 1045 fit
651 1013 846 1062 praetor‚
882 1001 1092 1048 frumenti
1131 1003 1224 1050 vim
1258 1022 1464 1068 magnam

194 1071 367 1117 Chium
401 1088 454 1117 ex
485 1071 607 1118 Italia
640 1072 834 1131 venisse,
865 1074 1026 1121 vinum
1067 1087 1294 1138 portantes
1327 1094 1468 1124 naves

193 1155 283 1189 tem
291 1143 524 1205 pestatibus
548 1157 737 1192 retentas
755 1146 849 1192 effe.
869 1147 1007 1193 Simul
1024 1149 1201 1196 allatum
1222 1150 1310 1209 est,
1326 1150 1467 1212 Tejos

194 1217 327 1279 regiae
357 1217 472 1263 ciaffi
499 1217 688 1281 benigne
706 1231 978 1267 commeatus
1002 1222 1251 1283 praebuiss'e3
1270 1223 1468 1287 quinque

194 1286 333 1333 millia
363 1288 573 1334 vasorum
594 1289 693 1335 vini
715 1289 798 1336 effe
817 1291 1063 1352 pollicitos.
1082 1294 1227 1339 Teum
1245 1310 1298 1339 ex
1317 1295 1470 1340 medio

196 1359 327 1406 cursu
367 1360 537 1407 claffem
573 1373 754 1424 repente
794 1364 984 1420 avertit,
1021 1375 1095 1410 aut
1129 1356 1388 1413 volentibus
1416 1366 1472 1412 iis

196 1428 355 1476 usurus
394 1444 648 1477 commeatu
677 1445 834 1494 parato
867 1433 1088 1491 hostibus,
1119 1447 1196 1482 aut
1228 1436 1347 1498 ipsos
1384 1452 1470 1500 pro

197 1501 399 1549 hostibus
422 1502 663 1551 habiturus.
693 1506 809 1551 Cum
831 1505 1083 1552 direxissent
1108 1507 1162 1553 ad
1182 1518 1340 1555 terram
1361 1525 1472 1570 pro-

196 1593 294 1631 ras,
329 1576 584 1638 quindecim
615 1577 751 1624 ferme
770 1577 832 1624 eis
858 1596 996 1626 naves
1017 1580 1133 1628 circa
1164 1583 1470 1645 Myonnesum

201 1663 525 1710 apparuerunt:
548 1667 656 1712 quas
676 1651 820 1713 primo
843 1668 897 1697 ex
917 1652 1043 1700 classe
1069 1653 1186 1716 regia
1204 1667 1370 1715 praetor
1386 1654 1471 1701 effe

198 1734 343 1776 ratus,
368 1721 521 1767 institit
551 1722 684 1783 sequi.
716 1723 919 1785 apparuit
949 1723 1079 1777 inde,
1111 1725 1314 1786 piraticas
1344 1726 1471 1773 celo-

201 1810 274 1840 ces
302 1796 347 1841 &
376 1794 548 1841 lembos
570 1795 666 1842 effe.
696 1796 916 1843 Chiorum
946 1797 1211 1844 maritimam
1237 1816 1363 1845 oram
1396 1800 1474 1851 <ie-3

200 1866 428 1929 populati,
467 1884 568 1914 cum
599 1869 745 1915 omnis
779 1869 951 1932 generis
983 1871 1130 1932 praeda
1165 1887 1470 1931 revertentes,

200 1937 435 2000 postquam
459 1940 611 1986 videre
642 1958 697 1987 ex
726 1940 816 1987 alto
848 1941 1043 2001 classem,
1070 1943 1115 1989 in
1145 1941 1294 2007 fugam
1326 1955 1472 1991 verte-

198 2022 318 2056 runt.
355 2012 403 2057 &
436 2011 659 2059 celeritate
683 2012 974 2075 superabant,
992 2015 1240 2063 levioribus
1265 2018 1314 2064 &
1342 2017 1397 2063 ad
1425 2016 1472 2063 id

199 2082 447 2129 fabrefactis
477 2084 698 2147 navigiis,
718 2086 768 2131 ὃ(
797 2087 1033 2149 propiores
1055 2100 1182 2133 terrae
1216 2099 1353 2134 erant.
1389 2090 1471 2134 Ita<

201 2171 313 2216 que,
346 2154 598 2218 priusquam
632 2160 1014 2223 appropinquaret
1046 2159 1209 2217 claffis,
1238 2161 1471 2222 Myonne<

202 2226 297 2273 sum
327 2226 626 2291 perfugerunt.
662 2230 779 2276 unde
808 2230 848 2277 se
879 2250 903 2279 a
932 2245 1066 2295 portu
1096 2244 1213 2279 ratus
1238 2230 1473 2277 abstractu-

203 2316 302 2345 rum
329 2317 485 2360 naves,
504 2302 682 2366 ignarus
706 2303 795 2350 loci
816 2303 1076 2369 sequebatur
1094 2317 1274 2368 praetor.
1301 2307 1474 2369 Myon-

203 2372 328 2423 nesus
357 2377 727 2438 promontorium
760 2377 892 2427 inter‘
908 2380 1053 2428 Teum
1095 2379 1360 2443 Samumque
1394 2378 1471 2427 est.
