1618 2715
169 100 262 168 376
527 96 1093 144 T1<T1L1V11

171 206 251 270 qui
282 222 384 252 eum
410 222 512 253 cum
533 203 721 251 modico
750 201 974 266 praestdio.
997 204 1130 251 Hunc
1151 219 1337 268 quoque
1352 205 1463 252 Per-

171 281 288 338 seus,
308 280 420 327 ficut
442 278 678 342 plerosque
698 277 834 342 patris
853 277 1132 337 amicorum,
1152 296 1207 325 ex
1228 294 1322 341 quo
1342 280 1464 326 haud

172 354 359 400 dubium
390 353 597 415 cuiquam
621 351 708 399 effe
729 363 954 414 coeperat,
977 350 1032 396 ad
1061 367 1195 414 quem
1214 387 1228 410 ‚
1248 351 1309 398 ita
1328 351 1463 399 incli-

169 441 282 475 nato
313 427 426 490 regis
454 426 636 483 animo,
657 424 876 470 hereditas
906 423 1030 487 regni
1054 426 1326 486 pertineret,
1346 424 1465 472 inter

177 500 442 561 conjuratos
466 500 512 545 in
540 498 688 545 fratris
705 497 953 561 perniciem
971 497 1140 544 habuit.
1163 498 1209 545 in
1231 498 1466 562 praesentia

154 576 251 621 ¹dat
281 575 320 620 ei
351 573 588 631 mandata,
619 583 669 618 ut
697 587 780 635 per
805 587 943 618 omne
973 570 1243 635 obsequium
1271 572 1467 619 insinua-

176 661 244 695 ret
264 648 306 695 se
333 649 381 694 in
402 665 534 711 quam
556 645 751 693 maxime
774 643 1036 692 familiarem
1054 645 1210 701 usum,
1235 657 1284 691 ut
1304 646 1467 693 elicere

178 723 332 771 omnia
353 739 537 778 arcana,
554 720 863 784 specularique
885 719 1061 766 abditos
1080 719 1173 782 ejus
1196 718 1343 766 sensus
1360 718 1467 782 pos-

179 797 256 844 set.
304 797 368 842 lta
408 794 653 857 digreditur
686 792 949 840 Demetrius
986 809 1089 840 cum
1124 792 1431 839 infestioribus
1452 827 1469 851 ,

178 886 314 934 quam
345 868 375 914 fi
400 867 520 913 solus
545 867 659 924 iret,
686 865 915 929 praesidiis.

244 945 392 993 XXII.
411 942 667 1005 Philippus,
689 941 925 988 Maedicam
950 941 1159 1004 primum,
1182 939 1343 992 deinde
1365 939 1470 987 soli·-

179 1017 359 1066 tudines
389 1014 706 1076 interjacentes
740 1014 945 1060 Maedicae
973 1025 1106 1077 atque
1133 1014 1295 1060 Haemo
1324 1012 1470 1060 trans-

181 1090 372 1156 gressus,
404 1088 601 1151 septimis
628 1088 807 1134 demum
843 1086 990 1134 castris
1018 1087 1074 1133 ad
1100 1087 1271 1134 radices
1297 1087 1470 1136 montis
1520 1075 1527 1080 ⁵

182 1163 407 1229 pervenit.
449 1162 512 1210 ibi
543 1178 683 1209 unum
718 1174 920 1220 moratus
948 1160 1064 1206 diem
1097 1160 1151 1206 acl
1179 1159 1472 1224 deligendos,

182 1254 301 1302 quos
333 1237 516 1293 duceret
552 1234 732 1291 secum,
764 1234 898 1279 tertio
930 1233 1001 1279 die
1034 1234 1119 1279 iter
1151 1232 1212 1279 est
1244 1232 1471 1296 ingreffus.

185 1309 402 1357 Modicus
438 1307 586 1370 primo
623 1306 752 1353 labor
778 1308 824 1352 in
851 1306 952 1352 imis
983 1305 1174 1352 collibus
1202 1305 1296 1361 fuit.
1333 1298 1475 1368 quan·

183 1399 281 1432 tum
313 1382 358 1429 in
381 1381 659 1429 altitudinem
686 1380 1027 1445 egrediebantur
1043 1416 1058 1439 ‚
1079 1380 1217 1443 magis
1245 1379 1474 1444 magisque

185 1455 401 1505 silvestria
419 1457 469 1503 &
488 1454 699 1517 pleraque
719 1452 845 1500 invia
867 1452 971 1499 loca
989 1452 1288 1516 excipiebant.
1307 1454 1476 1499 Perve-

189 1546 295 1577 nere
323 1527 482 1575 deinde
510 1528 556 1573 in
579 1539 668 1572 tani
693 1541 887 1588 opacum
912 1524 995 1571 iter
1010 1558 1024 1581 ‚
1048 1537 1125 1583 ut,
1146 1541 1239 1588 prae
1263 1524 1476 1570 clenfitate

189 1607 405 1654 arborum
423 1602 809 1665 immifforumque
828 1601 1018 1648 aliorum
1035 1601 1081 1648 in
1100 1600 1213 1647 alios
1231 1617 1476 1658 ramorum,

187 1677 380 1742 perspici
403 1677 570 1724 ccelum
591 1675 671 1724 vix
693 1674 863 1738 poffet:
885 1686 936 1721 ut
957 1691 1073 1722 vero
1096 1672 1208 1737 jugis
1228 1671 1477 1735 appropin-

189 1753 390 1816 quabant
411 1787 424 1809 ‚
458 1752 590 1815 quod
625 1767 775 1797 rarum
817 1750 865 1796 in
902 1750 999 1797 aliis
1037 1748 1153 1796 locis
1193 1748 1326 1806 esset,
1360 1747 1476 1794 adeo

188 1822 344 1870 omnia
380 1823 586 1869 conteaa
618 1823 804 1878 nebula,
835 1834 884 1868 ut
913 1821 1030 1867 haud
1069 1820 1193 1867 secus
1222 1836 1355 1882 quam
1388 1835 1479 1865 no-

154 1904 157 1907 '
190 1896 352 1942 &turno
388 1894 547 1941 itinere
573 1894 910 1957 impedirentur.
946 1892 1082 1939 tertio
1113 1891 1292 1937 demum
1323 1889 1394 1936 die
1422 1889 1478 1935 ad

189 1967 409 2015 verticem
443 1979 728 2029 perventum,
760 1965 887 2012 Nihil
909 1966 1106 2028 vulgatae
1132 1960 1372 2025 opinioni,
1399 1962 1479 2008 de-

189 2040 317 2104 greffi
344 2039 474 2097 inde,
497 2040 779 2086 detraxerunt
798 2057 808 2085 :
841 2038 1008 2102 magis,
1029 2037 1165 2084 credo
1183 2072 1196 2091 ‚
1219 2051 1274 2081 ne
1299 2034 1479 2081 vanitas

188 2113 364 2160 itineris
387 2113 585 2159 ludibrio
620 2112 749 2170 esset,
772 2128 905 2175 quam
932 2110 1059 2175 quod
1088 2107 1258 2156 diversa
1285 2108 1402 2154 inter
1433 2105 1478 2152 se

191 2186 358 2242 maria,
377 2185 643 2249 montesque
660 2223 674 2246 ,
694 2187 744 2233 &
760 2201 913 2232 amnes
928 2220 941 2243 ‚
960 2200 1013 2230 ex
1029 2199 1125 2229 uno
1147 2182 1255 2229 loco
1276 2176 1476 2240 conspici

194 2257 445 2320 potuerint.
479 2257 644 2304 Vexati
675 2273 866 2314 omnes,
897 2257 944 2303 ὃς
974 2267 1077 2303 ante
1106 2253 1218 2300 alios
1245 2267 1323 2297 rex
1356 2248 1447 2312 ipse
1465 2283 1480 2304 ,

177 2347 286 2393 *quo
307 2331 487 2394 gravior
507 2343 635 2379 aetate
654 2342 770 2389 erat,
791 2328 1055 2376 difficultate
1077 2327 1165 2374 viae
1186 2324 1260 2372 est.
1287 2323 1479 2377 Duabus,

189 2404 277 2453 aris
304 2406 369 2452 ibi
386 2405 494 2456 Jovi
527 2406 577 2453 ὅ(
604 2404 702 2453 Soli
730 2404 909 2454 sacratis
936 2421 1038 2461 cum
1069 2399 1359 2459 immolasset,
1390 2414 1477 2461 qua
