1618 2715
177 110 272 161 '140
544 99 1112 152 T1T1L1v11

177 230 348 262 mentem
370 211 466 278 effi,
488 229 534 260 ut
549 214 791 275 firvitutem
820 215 972 275 regiam
1004 213 1233 278 ffigerent.
1262 210 1466 270 Rhodii}

176 288 292 337 moti
320 288 555 352 precibus,
575 290 774 335 Eumene
801 287 935 333 etiam
966 303 1074 350 rege
1098 287 1285 334 affumto
1300 323 1314 346 ‚
1335 285 1469 333 simu!

177 362 272 410 suas
301 361 639 409 necessitudines
668 360 1100 419 commemorando,
1124 361 1251 407 fimul
1285 360 1469 407 obseffae

177 435 305 499 regio
325 433 532 498 praesidio
548 433 672 480 urbis
689 432 836 482 casum
852 432 1128 488 miserando,
1143 432 1465 495 pervicerunt,

178 523 230 556 ut
257 506 599 571 oppugnatione
618 505 910 553 absisteretur.
942 504 1136 552 Profecti
1159 505 1282 563 inde,
1301 501 1480 568 pacatis.

180 581 337 630 ceteris
352 618 366 638 ,
392 598 495 628 cum
522 597 647 627 oram
678 579 790 626 Afiae
812 578 1032 642 legerent,
1053 579 1254 642 Loryma
1273 576 1469 641 (portus

181 655 393 704 adversus
426 654 639 702 Rhodum
670 653 764 718 est)
785 665 1107 717 pervenerunt.
1133 652 1196 699 lbi
1216 652 1264 698 in
1292 648 1470 714 princi-

179 730 446 794 piis‘sermo
477 729 627 793 primo
658 728 775 774 inter
804 726 1013 773 tribunos
1045 725 1241 772 militum
1275 724 1469 771 secretus

182 803 355 862 oritur,
373 803 533 850 deinde
564 803 618 851 ad
643 819 770 850 aures
797 800 932 864 ipsius
950 798 1117 847 AEmilii
1141 796 1376 862 pervenit,
1394 795 1473 842 ahs-

182 877 288 924 duci
309 875 483 923 claffem
513 877 570 924 ab
599 874 776 939 Epheso
786 873 873 932 ,ab
902 871 982 920 suo
1011 871 1134 919 bello
1156 882 1237 918 :ut
1256 869 1310 916 ab
1338 880 1475 932 tergo

182 949 296 997 liber
315 949 491 996 relictus
510 948 650 996 hostis
678 948 726 995 in
754 959 825 995 tot
855 944 1133 1010 propinquas
1152 942 1378 991 sociorum
1395 958 1480 987 ura

181 1023 261 1070 bes
281 1022 436 1070 omnia
461 1022 643 1085 impune
672 1019 830 1068 conari
855 1019 1014 1082 poffet.
1035 1020 1231 1066 Movere
1260 1033 1314 1063 ea
1332 1014 1475 1063 AEmis

183 1096 324 1143 lium:
348 1093 626 1157 vocatosque
650 1091 862 1140 Rhodios
892 1109 995 1139 cum
1027 1100 1317 1154 percontatus
1341 1087 1476 1145 effet,

183 1180 440 1216 utrumnam
474 1166 642 1213 Pataris
675 1163 886 1212 universa
924 1163 1062 1211 claffis
1100 1163 1147 1209 in
1185 1172 1325 1225 portu
1361 1158 1476 1205 stare

183 1241 352 1305 posset,
367 1256 468 1287 cum
487 1238 836 1302 respondissent,
851 1253 947 1283 non
967 1236 1114 1299 poffe,
1132 1233 1306 1283 causam
1323 1232 1487 1279 nactus.

184 1311 448 1360 omittendae
465 1311 552 1369 rei,
575 1312 754 1358 Samum
774 1309 955 1356 reduxit
976 1323 1128 1355 naves.

251 1386 414 1432 XVIII.
447 1384 531 1430 Per
563 1382 680 1430 idem
706 1394 880 1444 tempus
899 1381 1135 1438 Seleucus,
1162 1377 1382 1427 Antiochi
1411 1375 1472 1422 fi*

185 1457 299 1514 lius,
328 1473 429 1504 cum
451 1471 530 1519 per
547 1472 684 1503 omne
705 1455 1002 1502 hibernorum
1021 1466 1196 1516 tempus
1223 1452 1480 1500 exercitum!

189 1529 237 1576 in
252 1529 430 1577 AEolide
448 1527 764 1586 continuisset,
781 1527 941 1590 partim
959 1527 1090 1575 sociis
1109 1524 1295 1573 ferendo
1317 1536 1485 1588 opem&

190 1604 353 1667 partim
369 1639 385 1662 ,
406 1619 522 1666 quos
547 1602 596 1648 in
622 1601 878 1649 societatem
903 1601 1117 1664 perlicere
1142 1616 1237 1646 non
1266 1610 1472 1661 poterat,

191 1675 546 1739 depopulandis,
563 1674 747 1721 transire
766 1674 813 1720 in
832 1672 942 1720 fines
964 1672 1086 1736 regni
1108 1671 1317 1719 Eumenis
1331 1706 1344 1728 ‚
1366 1670 1480 1717 dum

190 1750 228 1797 is
257 1749 418 1812 procul
437 1748 492 1795 ab
518 1749 658 1795 domo
683 1765 785 1795 cum
801 1747 1020 1793 Romanis
1040 1749 1089 1794 &
1109 1744 1300 1792 Rhodiis
1319 1743 1481 1807 Lyciae.

191 1820 414 1869 maritima
438 1830 744 1883 oppugnaret,
762 1817 924 1864 statuit.
956 1816 1031 1864 Ad
1055 1816 1221 1862 Elaeam
1239 1815 1389 1878 primo
1408 1814 1481 1860 in·
1511 1873 1515 1875 .

191 1893 310 1942 festis
335 1894 465 1958 signis
490 1892 696 1940 acceffit:
730 1891 890 1939 deinde
908 1927 922 1950 ,
951 1890 1108 1937 omissa
1136 1887 1480 1952 oppugnatione

192 1967 342 2024 urbis,
375 1982 509 2030 agros
542 1964 766 2012 hostiliter
796 1964 1125 2027 depopulatus,
1164 1962 1219 2008 ad
1249 1973 1384 2024 caput
1408 1977 1481 2006 ar-

195 2056 384 2104 cemque
402 2038 530 2103 regni
548 2040 813 2101 Pergamum
841 2036 964 2083 ducit
996 2034 1365 2098 oppugnandum.
1398 2035 1486 2078 Ata

194 2114 310 2161 talus
341 2113 494 2177 primo
513 2148 533 2172 ,Ι
567 2111 838 2158 stationibus
876 2121 978 2157 ante
1014 2113 1171 2156 urbem
1207 2107 1392 2171 positi5‚
1429 2107 1481 2152 δε

195 2185 541 2236 excursionibus
559 2184 761 2248 equitum
780 2183 983 2248 levisque
998 2196 1251 2239 armaturae,
1265 2179 1403 2242 magis
1419 2179 1488 2227 la=.=>

195 2260 407 2318 ceffebat‚
425 2275 558 2322 quam
576 2256 837 2314 sustinebat,
855 2255 1043 2302 hoste-m.
1077 2253 1305 2317 postremo
1318 2287 1331 2308 ,
1353 2268 1452 2297 cum
1466 2285 1485 2308 ‚

198 2349 277 2396 per
297 2332 417 2380 levia
436 2331 677 2380 certamina
702 2342 912 2393 expertus
926 2365 940 2387 ,
969 2329 1091 2375 nulla
1111 2340 1232 2389 parte
1252 2325 1417 2372 virium
1437 2324 1489 2370 se

196 2420 349 2468 parem
369 2403 452 2454 esse
466 2440 483 2468 ,
499 2404 619 2453 intra
638 2403 808 2453 moenia
827 2402 870 2452 se
887 2401 1142 2468 recepiffet‚
1164 2397 1357 2448 obsideri
1377 2396 1496 2446 urb-531.
