1618 2715
209 94 298 145 352
550 76 1103 124 T1T1L1V11

209 185 497 248 cedoniaeque
511 183 712 232 visendas
732 183 877 230 miffus
895 196 1005 242 erat,
1021 182 1227 246 responsa
1246 183 1344 228 data
1365 181 1477 228 sunt.

210 261 324 308 Afiae
352 261 526 323 regibus
549 277 599 305 ac
627 258 818 304 Rhodiis
844 257 1102 320 responsum
1128 257 1216 314 est,
1237 257 1402 320 legatos
1423 254 1478 301 ad

208 352 281 382 eas
308 351 375 381 res
407 332 609 379 visendas
640 330 866 377 missurum
897 332 1110 378 senatum.

288 410 358 454 111.
392 407 467 453 De
495 404 703 465 Philippo
738 417 916 449 auxerat
947 419 1098 449 curam
1132 401 1341 447 Marcius.
1379 414 1480 445 nam

211 483 272 529 ita
292 479 438 527 fecifl'e
464 495 565 524 eum
583 512 596 532 ,
618 493 720 539 quae
740 476 902 522 senatui
932 475 1188 538 placuissent
1201 510 1215 532 ‚
1233 471 1453 521 fatebatur
1467 504 1483 529 ‚

212 566 263 600 ut
284 551 413 599 facile
430 559 687 613 appareret,
707 563 802 593 non
833 546 1022 605 diutius,
1051 563 1182 610 quam
1214 546 1383 593 neceffe
1415 544 1484 591 es·-

215 628 300 684 set,
322 626 548 673 faciurum.
583 637 725 684 neque
753 620 991 668 obscurum
1023 633 1114 667 erat
1140 620 1450 667 rebellaturum
1469 654 1485 674 ‚

216 696 481 758 omniaque,
503 711 604 757 quae
634 710 740 739 tunc
765 704 911 754 ageret
939 693 1221 755 diceretque,
1241 708 1296 737 eo
1322 691 1485 752 specta-

217 789 279 818 re.
307 771 397 817 Jam
418 766 607 829 primum
637 781 818 811 omnem
840 765 932 811 fere
956 765 1290 812 multitudinem
1316 765 1489 812 civium

217 861 270 890 ex
301 839 529 889 maritimis
559 838 815 886 civitatibus
846 854 947 885 cum
979 838 1155 885 familiis
1182 835 1265 883 suis
1288 837 1333 882 in
1354 839 1489 882 Ema-

218 917 357 963 thiam
373 950 386 971 ‚
403 930 501 975 quae
522 928 642 958 nunc
663 911 823 956 dicitur
837 946 850 968 .,
869 911 1097 973 quondam
1122 909 1338 972 appellata
1361 910 1493 955 Paeo-

221 989 294 1035 nia
316 987 401 1041 est,
423 985 615 1032 traduxit
634 1002 644 1031 ε
666 983 999 1048 Thracibusque
1021 986 1069 1031 &
1084 985 1176 1030 aliis
1195 983 1392 1031 barbaris
1411 999 1491 1029 ur-

220 1063 296 1110 bes
325 1060 504 1106 tradidit
536 1058 792 1103 habitandas
808 1093 821 1114 ,
847 1056 1006 1104 fidiora
1035 1058 1133 1103 haec
1158 1074 1317 1120 genera
1341 1056 1492 1102 homi·-

222 1151 328 1180 num
348 1131 449 1199 fore
479 1142 596 1177 ratus
625 1131 670 1176 in
695 1131 904 1176 Romano
935 1130 1070 1177 bello.
1107 1132 1331 1192 Ingentem
1355 1146 1404 1174 ea
1424 1143 1493 1173 res

222 1204 448 1254 fremitum
467 1215 560 1249 tota
582 1201 848 1248 Macedonia.
868 1200 995 1257 fecit3
1015 1201 1399 1264 relinquentesque
1420 1215 1495 1261 pe-

224 1290 347 1326 nates
374 1276 477 1323 suos
506 1293 605 1323 cum
630 1273 895 1336 conjugibus
914 1290 966 1320 ac
990 1274 1138 1320 liberis
1157 1274 1290 1336 pauci
1311 1273 1497 1318 tacitum

227 1351 435 1398 dolorem
456 1347 777 1402 continebant3
801 1346 1211 1409 exsecrationesque
1238 1348 1289 1393 in
1309 1344 1498 1408 agmini-

227 1424 310 1472 bus
339 1421 721 1486 proficiscentium
748 1420 793 1466 in
821 1436 970 1483 regem
987 1455 1000 1478 ‚
1027 1421 1240 1468 vincente
1268 1420 1377 1465 odio
1403 1433 1498 1464 me·-

230 1510 324 1543 tum
338 1531 352 1553 ,
368 1493 733 1541 exaudiebantur.
752 1492 831 1538 His
849 1491 976 1538 ferox
991 1491 1164 1539 animus
1183 1509 1339 1540 omnes
1357 1487 1502 1537 homi·

230 1585 308 1616 nes
324 1605 338 1626 ,
356 1566 509 1614 omnia
533 1566 635 1613 loca
654 1578 947 1628 temporaque
968 1565 1161 1628 suspeaa
1178 1566 1381 1612 habebat.
1414 1565 1503 1611 Po-

232 1644 395 1690 stremo
413 1658 570 1703 negare
586 1639 817 1702 propalam
837 1639 996 1701 coepit,
1012 1638 1109 1686 satis
1123 1651 1267 1685 tutum
1285 1638 1363 1684 fibi
1380 1636 1504 1699 quid-

231 1732 365 1778 quam
404 1714 486 1761 effe
509 1749 522 1770 ‚
559 1713 637 1759 nifi
680 1712 844 1757 liberos
881 1728 1067 1767 eorum,
1102 1727 1220 1773 quos
1259 1708 1506 1756 interfecis-

233 1785 297 1833 set
312 1820 326 1843 ,
346 1781 692 1846 comprehensos
711 1782 757 1828 in
779 1782 978 1829 custodia
1003 1782 1182 1828 haberet
1196 1817 1209 1839 ,
1230 1781 1280 1827 δε
1301 1793 1504 1842 tempore

235 1857 373 1905 alium
397 1856 485 1901 alio
510 1854 703 1902 tolleret.

316 1931 391 1976 lv.
425 1929 531 1973 Eam
561 1926 899 1984 crudelitatem,
931 1925 1099 1972 foedam
1133 1941 1212 1988 per
1240 1924 1308 1982 se,
1337 1924 1507 1971 foedio·

239 2019 334 2050 rem
366 2001 497 2047 unius
522 1999 685 2045 domus
713 1999 859 2045 clades
879 1997 996 2045 fecit.
1019 1998 1292 2044 Herodicum
1308 2031 1322 2053 ‚
1340 1996 1509 2058 princi-

242 2093 344 2142 pem
364 2074 680 2121 Thessalorum
697 2107 711 2130 ,
730 2073 879 2119 multis
896 2086 996 2119 ante
1015 2071 1141 2118 annis
1161 2070 1412 2118 occiderat:
1434 2086 1510 2132 ge-

243 2164 377 2196 neros
411 2145 719 2209 quoqueejus
748 2144 901 2207 postea
937 2143 1174 2191 interfecit.
1216 2143 1262 2189 in
1293 2141 1512 2189 viduitate

243 2221 406 2269 reliGrae
427 2218 529 2274 filiae
542 2253 557 2277 ,
575 2217 770 2281 fingulos
788 2216 904 2264 filios
923 2233 1089 2280 parvos
1108 2216 1332 2263 habentes.
1356 2213 1513 2259 Theo-

244 2309 359 2342 xena
385 2295 433 2339 &
460 2290 610 2337 Archo
637 2290 822 2335 nomina
849 2288 1108 2335 mulieribus
1133 2299 1270 2333 erant.
1300 2285 1515 2330 Theoxe-

249 2382 305 2413 na
318 2400 333 2425 ‚
354 2363 502 2411 multis
520 2361 769 2427 petentibus
782 2397 795 2422 ,
813 2360 1038 2424 aspernata
1057 2358 1231 2422 nuptias
1257 2356 1332 2405 est.
1362 2357 1514 2405 Archo
