1618 2715
243 106 796 187 maro-amauit
832 138 958 185 ΗΒ.
992 137 1231 184 xxxva.
1305 152 1385 201 ¹35

117 246 225 293 urbe
247 281 260 304 ,
298 243 577 306 trepidatur,
617 242 712 289 aliis
748 242 793 287 in
833 240 988 287 urbem
1025 238 1303 286 currentibus
1339 239 1394 285 ad

118 320 220 365 suos
247 306 532 364 revocandos
552 351 564 372 ‚
596 315 692 361 aliis
722 330 778 360 ex
811 313 921 359 urbe
952 327 1088 358 naves
1115 311 1243 357 cursu
1266 328 1396 372 repe-

118 389 339 437 tentibus:
369 386 636 449 incertisque
673 384 946 432 clamoribus
977 381 1169 446 (quibus
1197 381 1297 444 ipsis
1323 397 1399 427 tu·-

120 463 188 509 bae
221 459 556 524 obstreperent)
594 457 779 506 turbatis
813 455 1041 519 imperiis,
1071 455 1250 501 tandem
1284 470 1399 500 con-

120 535 296 583 cursum
317 535 371 582 ad
395 550 534 580 naves
552 532 627 580 est.
659 532 749 577 Vix
771 530 891 576 suam
910 524 1095 591 quisque
1123 526 1305 575 noscere
1323 538 1399 573 aut

121 607 239 653 adire
274 624 366 670 prae
408 606 605 653 tumultu
647 615 857 667 poterat:
898 601 1258 664 trepidatumque
1298 615 1400 646 cum

122 680 326 743 periculo
356 682 403 728 &
436 679 481 725 in
514 679 654 734 mari,
685 679 732 724 ὃς
758 677 803 722 in
835 688 951 721 terra
979 675 1097 720 foret
1117 710 1131 730 ,
1162 674 1235 732 ni,
1261 673 1402 736 parti-

122 752 204 798 bus
231 751 409 808 divifis‚
444 751 679 807 AEmilius,
714 766 812 795 cum
844 747 1053 810 praetoria
1083 763 1202 792 nave
1233 746 1404 808 primus

124 841 147 869 e
177 836 315 885 portu
342 824 387 869 in
419 823 557 869 altum
587 823 798 877 evechis,
829 820 1060 882 excipiens
1093 817 1404 880 insequentes,

125 895 206 941 suo
237 912 458 958 quamque
486 894 647 939 ordine
680 893 723 938 in
755 893 953 939 frontem
984 890 1281 945 instruxissem
1314 892 1406 936 Eu·-

126 971 278 1015 ‹lamus
297 969 563 1030 Rhodiaque
595 967 734 1014 classis
755 965 1034 1011 substitissent
1060 963 1114 1010 ad
1137 975 1298 1009 terram
1314 998 1327 1019 ‚
1356 973 1406 1008 ut

127 1046 177 1090 ἃ
199 1044 286 1089 sine
316 1042 613 1105 trepidatione
646 1039 1001 1087 conscenderent
1018 1075 1030 1093 ‚
1054 1038 1102 1084 &
1117 1072 1129 1093 ‚
1150 1049 1199 1082 ut
1216 1052 1406 1098 quaeque

126 1126 274 1175 parata
297 1114 424 1170 effer,
444 1112 586 1158 exiret
607 1110 750 1156 navis.
778 1112 837 1154 lta
860 1111 907 1155 ὅ(
925 1108 1181 1170 explicuere
1200 1106 1407 1152 ordinem

128 1186 283 1249 primae
311 1186 356 1232 in
389 1185 632 1247 conspectu
661 1183 894 1245 praetoris,
934 1183 983 1228 &
1018 1181 1217 1228 coactum
1249 1195 1407 1241 agmen

128 1260 183 1306 ab
206 1259 394 1305 Rhodiis
420 1257 512 1304 est:
545 1256 840 1317 instructaque
869 1254 984 1300 acies
1005 1290 1018 1310 ‚
1048 1253 1177 1298 velut
1208 1264 1409 1298 cerneret

131 1332 313 1394 regios,
348 1331 394 1376 in
430 1329 565 1375 altum
602 1326 823 1393 proceffit.
860 1326 976 1372 inter
1014 1323 1320 1389 Myonnesum
1359 1325 1410 1371 &

130 1406 367 1468 Corycum
393 1399 761 1464 promontorium
788 1410 941 1454 erant,
976 1414 1078 1444 cum
1100 1396 1269 1442 hostem
1294 1410 1410 1442 con-

131 1477 325 1540 spexere.
362 1479 418 1522 Et
437 1473 553 1536 regia
583 1472 746 1527 clariis,
776 1471 891 1517 binis
915 1471 961 1516 in
991 1469 1194 1515 ordinem
1217 1465 1411 1513 navibus

132 1549 275 1612 longo
293 1547 470 1612 agmine
490 1542 677 1591 veniens
694 1578 707 1600 ‚
736 1544 785 1590 &
814 1542 905 1604 ipsa
926 1541 1066 1588 aciem
1087 1539 1314 1587 adversam
1332 1555 1412 1585 ex-

132 1621 320 1685 plicuit3
355 1632 527 1667 tantum
566 1618 687 1664 laevo
723 1617 877 1663 eve6ta
918 1633 1092 1672 cornu,
1129 1625 1177 1661 ut
1203 1612 1411 1675 ampleffl

133 1695 184 1742 &
211 1693 442 1740 circumire
475 1691 708 1737 dexterum
738 1704 881 1734 cornu
912 1688 1227 1733 Romanorum
1254 1683 1411 1746 poffet.

135 1768 261 1831 quod
304 1766 381 1813 ubi
415 1764 669 1820 Eudamus,
703 1762 780 1825 qui
815 1761 1006 1824 cogebat
1046 1775 1232 1823 agmen,
1265 1757 1415 1811 vidit,

137 1856 231 1886 non
261 1839 382 1900 poffe
415 1854 591 1900 aequare
623 1835 830 1882 ordinem
863 1835 1127 1891 Romanos,
1159 1833 1209 1879 &
1239 1843 1414 1877 tantum

138 1928 232 1958 non
260 1910 346 1971 jam
382 1909 607 1957 circumiri
636 1925 660 1954 a
688 1909 851 1955 dextro
886 1923 1031 1954 cornu
1050 1940 1064 1962 ‚
1102 1903 1303 1952 concitat
1339 1919 1415 1948 na-

138 2000 246 2040 ves;
268 1983 359 2047 (Sc
386 1995 511 2030 erant
540 1981 731 2028 Rhodiae
759 1981 895 2043 longe
931 1978 1137 2026 omnium
1173 1976 1415 2025 celerrimae

139 2070 237 2105 tota
271 2057 428 2121 claffe)
459 2068 728 2119 aequatoque
750 2071 919 2111 cornu,
955 2052 1181 2116 praetoriae
1214 2050 1346 2107 navi,
1366 2049 1414 2096 in

141 2147 232 2195 qua
252 2130 553 2193 Polyxenidas
583 2140 702 2186 erat,
727 2127 846 2172 suam
881 2124 1062 2188 objecit.

219 2204 372 2250 XXX.
401 2205 492 2249 Jam
524 2203 633 2248 totis
667 2201 865 2248 classibus
889 2198 1016 2245 simul
1048 2197 1103 2244 ab
1132 2194 1258 2242 omni
1290 2204 1415 2256 parte

138 2293 290 2341 pugna
317 2275 520 2323 conserta
546 2288 653 2321 erat.
686 2274 755 2320 Ab
773 2271 990 2320 Romanis
1015 2269 1247 2332 octoginta
1275 2282 1415 2313 naves

141 2349 426 2412 pugnabant,
448 2365 502 2394 ex
521 2347 681 2410 quibus
694 2345 885 2393 Rhodiae
905 2345 1003 2391 duae
1023 2344 1074 2389 &
1092 2338 1258 2404 viginti
1276 2348 1415 2385 erant.

140 2423 345 2472 Hostium
370 2423 509 2473 classis
529 2420 896 2485 undenonaginta
917 2417 1106 2467 navium
1124 2415 1234 2471 fuit3
1255 2414 1305 2461 &
1320 2427 1416 2465 ma<
