1618 2715
193 123 284 155 120
537 107 1101 157 T1T1L1v11

188 232 339 279 parare
363 214 479 261 inter
497 215 538 261 se
558 215 822 278 provincias
851 216 1053 263 consules
1073 216 1269 277 instillet,
1290 216 1468 280 elegan-

187 292 276 338 tius
308 290 502 336 faciuros
521 290 662 347 dixit,
683 290 713 336 s1
734 290 904 349 judicio
924 292 1100 337 Parrum
1116 328 1130 350 ‚
1152 308 1286 355 quam
1316 291 1347 336 fi
1368 291 1468 336 sor-

189 366 223 411 ti
241 400 252 422 ,
275 381 370 410 eam
402 381 493 410 rem
518 363 819 424 permisissent.
852 363 1002 426 Scipio
1019 399 1034 421 ‚
1060 364 1274 426 responso
1297 365 1349 410 ad
1379 363 1469 410 hoe

190 438 326 493 dato,
363 439 668 498 cogitaturum,
697 440 800 497 quid
819 437 907 500 fibi
929 437 1175 495 finiendum
1213 436 1333 501 effic,
1366 452 1470 482 cum

191 509 332 556 fratre
373 525 467 555 uno
509 508 725 566 locutus,
761 508 981 572 jussusque
1021 509 1076 555 ab
1115 526 1171 556 eo
1213 508 1471 572 permittere

192 582 396 628 arrdafter
433 580 629 637 senatui,
659 581 885 627 renuntiat
914 581 1130 645 collegae,
1156 582 1371 640 faffurum
1402 580 1472 637 fle,

193 659 307 717 quod
328 659 365 701 is
395 657 572 715 censeret.
603 655 721 701 Cum
744 672 812 701 res
832 692 846 711 ‚
873 666 947 701 aut
979 668 1130 712 nova,
1153 671 1226 702 aut
1256 654 1474 703 vetustate

193 728 509 790 exemplorum
532 727 764 774 memoriae
793 726 880 787 jam
909 727 1125 781 exoletae,
1156 726 1289 773 relata
1318 725 1475 788 exspe-

197 800 391 846 &atione
434 799 687 847 certaminis
731 799 927 847 senatum
971 798 1197 855 erexisset,
1233 799 1280 844 P.
1322 796 1475 859 Scipio

196 870 438 918 Africanus
457 870 598 927 dixit,
618 874 669 916 Si
691 874 740 916 L.
764 873 953 931 Scipioni
969 871 1099 930 fratri
1115 872 1202 930 fito
1210 871 1477 930 provinciam

200 946 404 990 Graeciam
429 942 703 1007 decreviffimt‚
727 945 771 1000 [ὲ
800 948 977 1005 legatum
1010 944 1176 988 iturum.
1205 943 1316 987 Haec
1349 956 1477 997 vox,

197 1033 363 1078 magno
401 1015 566 1063 affensu
599 1014 775 1072 audita,
803 1014 973 1060 sustulit
1004 1025 1240 1061 certamen.
1273 1011 1480 1075 Experiri

191 1090 394 1147 iibebat,
433 1101 582 1134 utrum
619 1088 716 1150 plus
755 1088 846 1149 regi
881 1087 1114 1134 Antiocho
1151 1087 1197 1133 in
1233 1084 1481 1132 Hannibale

198 1163 350 1220 vicio,
379 1180 435 1209 an
466 1161 513 1207 in
544 1161 720 1207 victore
750 1160 968 1208 Africano
1000 1160 1173 1207 consuli
1205 1157 1482 1223 legionibus-

199 1253 287 1298 que
309 1235 549 1293 Romanis,
580 1234 737 1281 auxilii
767 1233 887 1280 foret
909 1251 920 1280 z
949 1251 1000 1280 ac
1023 1249 1167 1295 prope
1193 1248 1351 1278 omnes
1383 1231 1482 1278 Sci-

199 1309 331 1374 pioni
352 1308 602 1363 Graeciam,
625 1306 766 1353 Laelio
790 1305 961 1352 Italiam
990 1305 1304 1364 decreverunt.
1423 1302 1425 1305 ’

267 1389 319 1432 ΙΙ.
358 1387 575 1431 Praetores
608 1384 711 1429 inde
738 1380 1001 1445 provincias
1031 1379 1201 1437 sortiti,
1222 1381 1271 1427 L.
1297 1380 1484 1425 Aurun-

201 1460 373 1523 culejus
390 1461 606 1508 urbanam
623 1495 636 1517 ,
657 1459 744 1505 Cn.
765 1456 948 1504 Fulvius
966 1454 1263 1518 peregrinam,
1277 1455 1326 1500 L.
1343 1451 1487 1499 AEmi-

202 1534 289 1581 lius
322 1532 520 1596 Regillus
547 1531 746 1588 classem,
775 1532 822 1577 P.
841 1528 995 1578 Junius
1020 1530 1180 1574 Brutus
1198 1525 1397 1582 Tuscos,
1419 1526 1488 1572 M.

204 1608 403 1655 Tuccius
432 1606 642 1668 Apuliam
670 1607 718 1652 &
745 1603 967 1661 Bruttios,
993 1602 1048 1648 C.
1069 1601 1246 1647 Atinius
1277 1599 1487 1647 Siciliam.

206 1682 398 1728 Consuli
420 1680 578 1727 deinde
595 1716 609 1739 ,
631 1678 702 1726 cui
722 1677 897 1724 Graecia
918 1674 1157 1738 provincia
1177 1674 1352 1721 decreta
1371 1685 1489 1731 erat,

205 1755 259 1802 acl
291 1772 391 1801 eum
414 1753 692 1808 exercitum,
715 1766 846 1812 quem
868 1766 891 1794 a
914 1748 992 1795 Μ’.
1011 1745 1161 1793 Acilio
1184 1745 1315 1810 (duae
1337 1757 1487 1792 autem

205 1828 407 1887 leoiones
430 1824 585 1888 erant)
616 1829 875 1885 accepturus
901 1821 1033 1875 effer,
1053 1820 1099 1866 in
1130 1819 1489 1882 supplementum

207 1902 354 1949 addita
394 1900 594 1963 peditum
635 1896 808 1944 civium
848 1897 1162 1941 Romanorum
1199 1891 1283 1938 tria
1317 1890 1488 1948 millia,

208 1975 381 2038 equites
411 1984 621 2027 centum,
641 1972 691 2017 &
711 1968 883 2015 socium
904 1966 1000 2014 Lati
1005 1966 1050 2011 ni
1073 1965 1247 2012 nomini
1253 1981 1271 2011 5
1291 1964 1489 2026 quinque

210 2046 378 2102 millia,
407 2044 577 2107 equites
612 2040 824 2088 ducenti:
853 2041 903 2086 &
934 2038 1180 2099 εόΞΕᾶΞΞΞΞΞ,
1210 2048 1280 2094 ut,
1302 2053 1409 2082 cum
1441 2034 1489 2079 in

211 2118 501 2187 provinciam
525 2116 743 2172 venisset,
768 2114 800 2160 fi
821 2131 844 2160 e
867 2111 1097 2175 republica
1127 2110 1356 2156 videretur
1375 2107 1490 2163 effe,

212 2192 385 2240 exerci
369 2188 465 2261 {lim
487 2190 532 2235 in
556 2189 702 2235 Atiam
731 2185 967 2247 trajiceret
1002 2183 1143 2231 Alteri
1167 2181 1340 2229 consuli
1366 2192 1490 2226 torus

213 2284 323 2313 nov
318 2283 364 2312 Ξ5
388 2264 537 2311 exeric
543 2277 611 2310 tus
629 2263 860 2313 decretus3
886 2260 986 2304 duae
1017 2257 1215 2320 legiones
1242 2257 1459 2301 Romanae
1476 2289 1491 2311 ,

214 2341 265 2386 e&
298 2339 468 2385 socium
502 2336 646 2383 Latini
678 2333 874 2380 nominis
910 2329 1164 2394 quindecim
1200 2327 1336 2373 millia
1364 2325 1491 2389 pedi-

214 2422 336 2471 tum,
365 2410 535 2473 equites
567 2406 774 2457 sexcenti.
801 2404 1060 2453 Exercitum
1085 2419 1142 2449 ex
1168 2400 1400 2465 Liguribus
1430 2399 1490 2458 Q.
