1618 2715
252 114 799 162 HISTORIARUM
842 116 969 162 LIB.
1005 117 1202 165 XXXV.
1320 138 1373 187 35

113 233 233 265 mere
260 218 550 281 processisset,
577 218 755 282 iniqua,
783 236 914 282 quam
935 219 1129 278 hostem,
1164 238 1380 276 metuenS.

110 288 218 334 Inde
235 290 283 336 &
306 305 361 335 ex
382 287 562 334 fortuna
581 305 762 351 pugnae,
781 290 829 335 &
849 304 901 333 ex
923 288 1104 352 ingenio
1127 290 1249 339 ducis
1268 311 1381 341 con-

110 359 272 422 jectans
286 399 301 419 ,
322 363 368 408 in
392 379 484 426 quo
505 375 600 409 tum
619 362 654 408 is
675 378 846 424 pavore
868 362 996 420 efl'et,
1015 380 1154 411 unum
1175 367 1227 413 de
1250 371 1380 417 auxi-

111 433 294 481 liaribus
322 434 463 498 specie
496 435 733 497 transfugae
767 434 903 481 mittit
936 436 991 481 ad
1025 453 1151 495 eum,
1183 439 1259 502 qui
1295 460 1380 503 pro

114 520 350 569 comperto
376 508 574 566 afferret,
605 509 794 554 Achaeos
825 507 1012 554 statuisse
1033 510 1212 570 postero
1236 513 1306 560 die
1327 516 1381 562 ad

79 586 81 588 '
111 580 326 626 Eurotam
351 597 552 638 amnem,
580 580 659 643 qui
686 597 827 643 prope
848 580 949 642 ipsis
976 582 1114 629 affluit
1131 586 1380 647 moenibus,

112 652 347 715 progredi,
371 665 419 699 ut
447 653 792 700 intercluderent
817 653 926 709 iter3
960 671 1015 702 ne
1036 668 1108 702 aut
1136 670 1380 721 tyrannus,

112 741 212 770 cum
235 725 396 782 vellet,
418 737 642 787 receptum
661 725 714 772 ad
733 727 887 772 urbem
921 726 1124 783 haberem
1156 744 1230 776 aut
1251 748 1380 779 com-—

112 810 281 843 meatus
311 797 367 843 ab
397 799 502 844 urbe
524 799 568 844 in
591 797 727 845 castra
749 810 1060 860 portarentur:
1094 800 1220 847 simul
1248 803 1380 853 etiam

113 880 386 928 tentaturus,
417 869 445 915 fi
469 885 662 931 quorum
687 869 823 915 animi
843 868 1068 917 sollicitari
1089 872 1143 916 ad
1164 873 1380 922 defectio-

113 958 215 986 nem
242 959 264 986 a
288 953 487 1004 tyranno
508 941 693 1003 possent.
726 943 834 987 Non
863 954 952 988 tam
980 942 1111 990 fidem
1130 945 1254 992 diffls
1277 966 1381 1010 per-

111 1012 214 1076 fuga
243 1012 376 1071 fecit,
403 1029 533 1076 quam
565 1013 769 1076 perculso
795 1027 915 1061 metu
939 1016 1217 1080 relinquendi
1250 1023 1381 1071 castra

111 1087 281 1135 causam
308 1087 583 1150 probabilem
612 1088 814 1151 praebuit.
848 1090 1031 1137 Postero
1057 1092 1128 1138 die
1149 1094 1382 1161 Pythago..

12 1153 13 1161 ¹
56 1194 59 1195 γ
110 1177 206 1206 ram
239 1177 340 1207 cum
367 1159 650 1208 auxiliaribus
680 1163 729 1210 δε
758 1162 957 1225 equitatu
987 1164 1218 1213 stationem
1252 1187 1382 1234 agere

110 1249 197 1296 pro
214 1233 336 1279 vallo
350 1232 479 1294 juffit.
500 1232 612 1296 ipse,
632 1245 840 1297 tanquam
862 1235 906 1281 in
928 1236 1068 1283 aciem
1090 1255 1192 1285 cum
1214 1244 1383 1291 robore

112 1305 333 1352 exercitus
351 1304 536 1366 egressus
554 1341 567 1362 ,
588 1306 707 1369 figna
725 1307 851 1356 ocius
873 1309 977 1355 ferri
997 1311 1050 1356 ad
1075 1313 1229 1361 urbem
1249 1315 1382 1377 juffit.

190 1378 343 1424 XXX.
380 1378 720 1446 Philopoemen,
747 1381 982 1443 postquam
1016 1384 1194 1432 citatum
1222 1406 1382 1451 agmen.

111 1469 191 1515 per
210 1453 432 1515 angustam
456 1454 503 1497 &
526 1451 774 1512 proclivem
797 1454 917 1500 viam
941 1455 1043 1502 duci
1064 1459 1224 1520 raptim
1244 1462 1379 1521 vislit,

110 1524 358 1587 equitatum
391 1539 571 1569 omnem
604 1526 653 1570 ὃ(
671 1525 946 1571 Cretensium
966 1527 1194 1576 auxiliares
1223 1532 1268 1577 in
1297 1534 1381 1580 sta-

110 1597 282 1642 tionem
304 1595 499 1641 hostium
516 1632 528 1652 ,
549 1613 646 1658 quae
666 1614 750 1659 pro
769 1598 915 1643 castris
934 1612 1055 1658 erat,
1073 1602 1249 1652 emittit.
1282 1607 1348 1652 llli
1362 1644 1378 1667 ‚

112 1667 189 1713 ubi
217 1666 361 1714 hostes
395 1667 560 1725 adess'e,
595 1670 644 1715 &
678 1686 699 1714 a
728 1669 812 1716 suis
846 1669 886 1715 se
907 1671 1101 1721 desertos
1136 1675 1378 1737 viderunt,

111 1743 258 1806 primo
289 1742 335 1787 in
367 1741 502 1788 castra
535 1743 731 1804 recipere
762 1742 805 1788 se
838 1745 986 1791 conati
1019 1746 1149 1795 sunt:
1187 1750 1379 1813 deinde,

110 1815 342 1877 postquam
371 1814 572 1860 instrnfih
601 1817 716 1862 acies
745 1827 841 1862 tota
872 1818 1140 1867 Achaeorum
1160 1824 1378 1883 admove-

110 1885 260 1942 batur,
291 1897 487 1930 metune
517 1901 616 1930 cum
642 1886 743 1948 ipsis
773 1887 921 1934 castris
949 1905 1233 1951 caperentur,
1255 1896 1378 1960 sequi

111 1956 291 2004 suorum
327 1973 483 2018 agmen
520 1956 789 2019 aliquantum
835 1960 1113 2021 praegressum
1161 1964 1377 2016 infistunt.

112 2028 351 2090 Extemplo
381 2030 533 2074 cetrati
561 2030 827 2076 Achaeorum
848 2030 889 2075 in
917 2032 1050 2078 castra
1072 2034 1285 2098 impetum
1309 2040 1376 2087 fa-

112 2101 237 2148 ciunt
255 2136 267 2158 ,
295 2103 344 2147 &
377 2101 618 2163 diripiunt:
641 2103 776 2149 ceteri
805 2105 858 2149 ad
881 2104 1206 2168 persequendos
1229 2112 1375 2160 hostes

111 2173 174 2219 ire
197 2185 394 2235 pergunt.
422 2175 526 2220 Erat
552 2173 634 2219 iter
661 2175 772 2231 tale,
793 2192 871 2237 per
899 2178 1022 2239 quod
1052 2178 1132 2224 vix
1152 2183 1374 2245 tranquil-

111 2246 203 2291 lum
219 2246 272 2291 ab
294 2245 440 2290 hostili
457 2259 575 2291 metu
598 2262 753 2308 agmen
773 2248 972 2310 expediri
996 2249 1149 2310 poffet.
1178 2253 1240 2297 Ut
1259 2267 1376 2299 vero

112 2315 169 2361 ad
193 2315 437 2376 postremos
466 2316 673 2377 proelium
697 2330 846 2364 ortum
879 2318 968 2376 est,
999 2319 1253 2385 clamorque
1281 2336 1372 2369 ter-

112 2388 252 2439 ribilis
281 2406 306 2435 a
337 2402 461 2454 tergo
488 2389 751 2452 paventium
781 2392 834 2438 ad
861 2393 1003 2455 prima
1040 2393 1157 2456 figna
1186 2395 1245 2442 est
1265 2413 1371 2460 per-

1019 2467 1120 2514 (32
