1618 2715
255 146 796 196 HISTORIARUM
831 146 956 193 LIB.
990 145 1211 193 XXXIX*
1297 163 1389 210 297

112 261 200 306 cius
225 259 279 324 est
289 294 303 315 ‚
324 276 444 319 quam
465 277 599 318 prava
622 258 778 319 religio.
801 259 888 303 Ubi
908 258 1098 303 Deorum
1117 274 1267 302 numen
1279 275 1388 317 prae-

110 334 295 376 tenditur
310 331 557 392 sceleribus,
574 331 695 389 stibit
712 331 900 375 animum
927 333 1074 386 timor,
1095 347 1145 374 ne
1160 328 1390 387 fraudibus

111 406 309 450 humanis
335 406 606 449 vindicandis
643 405 785 450 divini
814 403 929 459 juris
955 405 1119 463 aliquid
1152 404 1390 448 immixtum

108 479 323 522 violemus.
349 478 447 522 Hae
465 495 540 523 vos
557 480 748 539 religione
767 477 1088 522 innumerabilia
1107 478 1264 521 decreta
1274 494 1391 536 pon-

101 551 287 609 ›rificum‚
299 551 660 610 senatusconsulta
675 586 688 608 ‚
709 551 971 612 haruspicum
1002 550 1173 610 denique
1198 549 1390 609 responsa

111 625 299 668 liberant.
339 624 513 683 Quoties
541 625 614 668 hoe
640 639 808 683 patrum
837 640 1084 683 avorumque
1117 637 1232 666 aetate
1262 638 1391 682 nego-

112 695 215 738 tium
239 694 292 755 est
316 693 616 756 magistratibus
636 697 779 738 datum
796 727 808 749 ‚
828 695 1007 754 utfizcra
1032 709 1200 738 externa
1207 692 1303 750 fieri
1325 711 1394 737 ve-

112 782 274 821 tarent,
298 768 554 826 sacrificulos
578 768 764 827 vatesque
781 767 883 825 foro
897 802 910 822 ‚
938 768 1069 823 circo,
1089 767 1183 811 urbe
1198 767 1393 825 prohibe-

114 854 225 894 rent,
247 841 452 885 vaticinos
479 841 603 884 libros
621 842 896 900 conquirerent
914 841 1258 898 comburerentque
1269 872 1283 892 ,
1305 856 1393 883 om-

114 930 205 958 nem
227 912 492 972 disciplinam
507 912 802 971 sacrificandi,
816 930 1081 973 praeterquam
1102 929 1209 956 more
1227 912 1394 956 Roma-

115 1002 171 1029 no
183 1018 195 1039 ,
208 986 440 1029 abolerent?
451 985 709 1031 ,Iudicabunt
724 987 832 1030 enirn
844 985 1149 1046 prudentiffimi
1162 984 1243 1028 viri
1257 987 1396 1030 omnis

115 1057 255 1102 divini
277 1059 524 1117 humanique
538 1055 674 1114 juris,
693 1059 803 1102 nihil
820 1074 925 1117 aeque
949 1054 1213 1117 deffolvendae
1234 1059 1398 1117 religio-

116 1132 186 1173 nis
216 1127 312 1190 effe,
332 1147 455 1188 quarn
483 1130 553 1173 ubi
580 1147 665 1172 non
688 1131 826 1188 patrio
843 1162 857 1185 9
871 1129 954 1188 sed
970 1144 1135 1173 externo
1163 1130 1246 1172 ritu
1256 1128 1397 1188 sacri-

105 1202 313 1260 ficaretur.
345 1202 446 1245 Hoec
463 1202 580 1245 vobis
594 1203 858 1260 praedicenda
877 1216 991 1246 ratus
1003 1201 1103 1261 sum
1120 1234 1132 1255 ,
1150 1219 1200 1264 tge
1222 1217 1303 1260 qua
1315 1200 1398 1259 stt·

110 1275 288 1340 perstitio
315 1275 489 1334 agitaret
511 1275 677 1318 animos
707 1274 878 1338 vestros,
909 1291 999 1318 cum
1030 1275 1289 1318 demolientes
1319 1289 1399 1317 nos

117 1347 407 1391 Bacchanalia
443 1344 772 1404 discutientes-'que
799 1344 985 1402 nefarios
1021 1361 1145 1391 coetus
1176 1348 1396 1391 cerneretis.

122 1418 308 1473 Omnia,
339 1417 451 1461 Diis
484 1417 678 1476 propitiis
715 1418 1040 1477 volentibusque,
1076 1435 1122 1461 ea
1147 1417 1358 1475 faciemus
1379 1434 1395 1462 .·

116 1492 216 1551 qui,
240 1491 336 1549 quia
353 1489 482 1549 situm
509 1505 658 1532 numen
667 1488 888 1547 sceleribus
913 1489 1233 1549 libidinibusque
1252 1506 1397 1535 eonta-

118 1563 272 1606 minari
289 1562 458 1622 indigne
463 1561 679 1619 ferebant,
693 1580 745 1607 ex
763 1565 932 1607 occultis
952 1581 999 1608 ea
1018 1565 1186 1608 tenebris
1204 1566 1249 1607 in
1269 1567 1396 1607 lucem

117 1649 397 1679 extraxerunt.
432 1653 502 1679 nec
527 1635 734 1694 patefieri,
770 1650 816 1679 ut
838 1636 1045 1695 impunita
1078 1633 1228 1698 effint,
1253 1635 1333 1694 [ἑά
1355 1648 1401 1679 ut

118 1708 429 1753 vindicarentur
440 1706 482 1753 ὃ*
497 1711 834 1768 opprimerentur,
850 1713 1078 1754 voluerunt.
1095 1713 1274 1754 Senatus
1292 1724 1402 1768 quae-

107 1783 282 1848 stionem
321 1797 437 1826 extra
468 1784 650 1826 ordin-:m
677 1784 724 1826 de
755 1799 802 1826 ea
840 1799 879 1826 re
908 1783 1011 1825 mihi
1046 1785 1278 1842 collegaeque
1311 1798 1401 1825 meo

119 1857 365 1899 mandavit:
385 1873 487 1909 nos,
508 1872 594 1914 quce
623 1854 722 1917 ipsis
750 1855 870 1899 nobis
900 1857 1060 1914 agenda
1078 1855 1206 1913 siant,
1231 1855 1402 1914 impigre

119 1926 390 1985 exsequemur.
419 1928 670 1987 Vigiliarum
693 1925 981 1969 noHurnarum
1012 1942 1149 1969 curam
1177 1942 1250 1983 per
1266 1925 1399 1967 urbem

123 2000 350 2042 minoribus
390 1997 695 2060 magistratibus
738 1998 1049 2040 mandavimus.
1090 1999 1177 2040 Vos
1217 2012 1370 2055 quoque
1385 2028 1402 2052 ‚

120 2087 276 2129 ecquam
298 2069 369 2133 est,
395 2087 478 2129 quae
499 2069 623 2132 vestra
643 2069 787 2112 munia
793 2066 900 2125 sunt
910 2101 925 2121 ,
942 2085 1021 2126 quo
1040 2067 1202 2127 quisque
1220 2070 1308 2111 loco
1320 2085 1401 2127 po-

108 2141 221 2205 ficus
247 2144 344 2195 erit,
369 2143 479 2200 quod
500 2141 787 2199 imperabitur‚
809 2139 980 2199 impigre
1002 2140 1209 2203 praestme,
1234 2137 1274 2184 δ’
1304 2141 1400 2185 dare

123 2231 284 2271 operam
299 2247 313 2269 ‚
331 2229 380 2256 ne
399 2215 500 2272 quid
504 2211 662 2270 fraude
682 2212 903 2256 noxiorum
913 2213 1089 2270 periculi
1110 2225 1185 2255 aut
1203 2214 1402 2257 tumultus

122 2289 292 2331 oriatur.

185 2360 328 2406 XV11.
363 2358 558 2407 Recitari
579 2357 739 2405 deinde
765 2355 1146 2403 senatusconsulta
1164 2354 1403 2417 jusserunt,

122 2429 352 2495 indicique
382 2433 614 2498 praemium
642 2430 1003 2494 proposuerunt,
1023 2429 1054 2476 fi
1083 2431 1184 2494 quis
1201 2447 1332 2494 quem
1352 2430 1406 2477 ad
