1618 2715
265 103 808 152 HISTORIARUM
842 103 966 150 LIB.
1000 103 1196 149 XXXV.
1315 105 1371 151 61

164 213 232 258 LI.
263 210 505 272 Templum
541 208 601 255 est
631 209 858 271 Apollinis
884 207 1068 254 Delium
1090 243 1103 263 ‚
1139 207 1378 255 imminens

100 285 235 332 mari:
264 284 463 348 quinque
488 283 627 330 millia
651 283 847 345 passuum
865 299 889 327 a
909 284 1110 343 Tanagra
1130 281 1260 326 abest.
1291 282 1378 326 mi-

100 374 184 403 nus
214 370 407 420 quatuor
434 357 626 403 millium
658 357 761 401 inde
786 355 834 400 in
862 354 1071 416 proxima
1095 355 1281 401 Euboeae
1315 354 1378 401 est

98 429 207 489 mari
235 428 452 489 trajectus.
490 429 650 476 Ubi&
670 428 716 474 in
741 426 848 473 fano
870 426 1065 489 lucoque
1087 461 1100 484 ,
1129 443 1178 473 ea
1199 426 1378 489 religio-

99 518 156 546 ne
174 503 224 548 &
241 518 297 548 eo
314 500 414 567 jure
445 501 594 547 sanc‘to
613 536 627 557 ,
656 515 748 562 quo
773 498 875 545 sunt
902 499 1097 560 templa,
1126 516 1227 561 quae
1256 499 1378 562 asyla

99 574 251 621 Graeci
283 574 543 637 appellant,
584 572 871 621 &nondum
915 584 989 617 aut
1025 570 1193 616 indieto
1224 571 1377 629 bello,

99 659 173 694 aut
200 647 260 694 ita
292 648 528 695 commiss'o
548 683 563 705 ,
591 659 643 693 ut
678 646 851 692 strictos
874 645 1074 708 gladios,
1108 658 1180 690 aut
1204 644 1379 708 sangui-

100 737 204 766 nem
235 722 420 785 usquam
454 720 615 766 faustum
649 718 892 776 audissent,
926 734 1027 763 cum
1057 733 1136 779 per
1169 734 1376 781 magnum

102 794 247 840 otium
290 794 487 852 milites,
528 791 602 838 alii
639 793 694 837 ad
730 791 1021 853 spectaculum
1067 791 1218 853 templi
1260 791 1377 837 luci-

97 882 185 928 que
220 866 358 923 verfi,
393 866 467 912 alii
498 866 546 911 in
572 865 704 911 litore
733 864 922 911 inermes
951 876 1247 925 vagarentur,
1281 880 1376 909 ma-

98 954 182 1000 gna
202 954 296 999 pars
318 954 396 999 per
429 953 558 998 agros
590 937 803 999 lignatum
836 935 1186 997 pabulatumque
1212 934 1377 997 dilapsa

98 1008 231 1062 esset,
258 1019 438 1069 repente
461 1006 701 1067 Menippus
720 1042 734 1063 ,
762 1006 936 1067 palatos
965 1003 1113 1067 paffun
1136 1005 1381 1067 aggressus„

97 1098 178 1126 eos
199 1081 392 1137 cecidit,
419 1080 473 1125 ad
494 1079 813 1143 quinquaginta
834 1079 972 1126 vivos
991 1077 1123 1140 cepit.
1161 1079 1374 1140 perpauci

96 1152 377 1216 effugerunt:
411 1152 458 1197 in
482 1152 640 1214 quibus
664 1151 825 1197 Miffio
855 1167 994 1213 parva
1022 1152 1226 1196 oneraria
1258 1168 1376 1197 nave

97 1238 326 1289 exceptus.
346 1228 406 1272 Ea
431 1243 498 1273 res
518 1226 735 1285 Quinc‘lio
754 1224 1060 1287 Romanisque
1074 1260 1086 1280 ,
1108 1225 1215 1270 sicut
1234 1224 1377 1285 jaStu-

97 1318 145 1346 ra
175 1295 365 1346 militum
390 1300 602 1356 molesta,
633 1300 692 1345 ita
724 1299 776 1345 ad
802 1297 869 1360 jus
898 1298 1118 1345 inferendi
1142 1299 1376 1345 Antiocho

97 1372 204 1418 belli
238 1373 438 1433 adjecisse
474 1372 751 1435 aliquantum
788 1372 1037 1420 videbatur.
1084 1371 1376 1430 Antiochus,

96 1445 282 1491 admoto
309 1446 364 1491 ad
385 1445 592 1491 Aulidem
612 1445 839 1501 exercitu,
859 1463 958 1491 cum
982 1444 1129 1490 rursus
1151 1456 1374 1501 oratores,

99 1520 260 1582 partim
289 1538 344 1566 ex
372 1520 481 1579 suis,
517 1520 677 1583 partim
703 1519 880 1566 AEtolos
900 1555 912 1574 ,
947 1518 1204 1564 Chalcidem
1235 1517 1375 1564 misis-

100 1592 189 1649 set,
224 1594 302 1655 qui
337 1594 488 1639 eadem
517 1593 621 1648 illa,
652 1610 750 1655 quae
777 1608 945 1654 nuper,
981 1608 1082 1637 curn
1112 1591 1243 1636 minis
1274 1609 1375 1655 gra·-

100 1667 304 1713 vioribus
333 1678 540 1730 agerent,
575 1666 873 1728 nequidquam
901 1677 1061 1710 contra
1084 1664 1303 1710 Miffione
1325 1666 1375 1713 &

25 1790 26 1793 ,
98 1740 351 1787 Xenoclide
375 1740 659 1786 tendentibus
676 1775 688 1796 ‚
712 1738 838 1785 facile
859 1738 1031 1795 tenuit,
1057 1753 1107 1783 ut
1129 1750 1273 1800 portae
1295 1738 1374 1785 fibi

26 1837 27 1841 ¹
96 1814 390 1876 aperirentur.
423 1814 517 1874 Qui
538 1815 755 1860 Rornanae
774 1813 910 1876 partis
929 1825 1053 1859 erant
1068 1848 1082 1870 ‚
1112 1812 1190 1858 sub
1207 1813 1376 1859 adven-

99 1901 195 1932 turn
222 1886 338 1949 regis
367 1888 476 1933 urbe
502 1887 794 1933 excefferunt.
833 1886 1105 1931 Achaeorum
1132 1887 1181 1931 &
1210 1888 1375 1931 Eume-

102 1959 170 2004 nis
196 1959 357 2006 milites
387 1959 597 2021 Salganea
627 1959 852 2004 tenebant.
883 1958 937 2002 Et
958 1956 1004 2000 in
1029 1956 1199 2018 Euripo
1222 1956 1374 2002 castel-

100 2030 193 2075 lum
212 2031 405 2076 Romani
425 2032 586 2077 milites
607 2029 741 2093 pauci
758 2029 970 2077 custodiae
991 2028 1119 2076 causa
1138 2029 1230 2076 loci
1250 2045 1375 2075 com-

99 2102 379 2149 muniebant.
402 2103 610 2166 Salganea
639 2102 906 2164 Menippus,
932 2118 1010 2146 rex
1037 2100 1129 2163 ipse
1148 2100 1372 2147 castellum

100 2175 254 2238 Euripi
272 2193 532 2240 oppugnare
549 2176 608 2223 est
626 2176 823 2222 adortus.
850 2176 1027 2221 Priores
1049 2174 1203 2220 Achaei
1221 2175 1270 2220 δι
1286 2175 1374 2219 Ειι-

99 2249 240 2295 menis
275 2251 437 2297 milites
470 2252 611 2314 paffi,
649 2264 698 2298 ut
730 2252 820 2297 fine
850 2251 1003 2298 fraude
1038 2250 1192 2297 liceret
1223 2248 1372 2308 abire,

99 2321 305 2382 praefidio
326 2323 617 2370 excesserunt.
636 2323 905 2386 pertinacius
926 2323 1121 2370 Romani
1153 2322 1371 2384 Euripum

102 2393 348 2443 tuebantur.
379 2397 440 2443 Hi
468 2413 651 2459 quoque
684 2409 863 2456 tamen,
894 2413 996 2445 cum
1026 2412 1142 2444 terra
1172 2396 1374 2459 marique
