1618 2715
207 95 300 144 206
406 108 409 111 ’
559 93 1125 140 TITILIVII

205 207 238 254 li
260 205 371 253 miffi
388 242 402 262 ,
423 218 691 266 quacunque
711 200 753 248 se
774 200 915 248 claffis
935 199 1254 263 circumegerat
1277 214 1358 259 per
1384 196 1496 244 lito-

204 297 306 329 rum
330 278 579 336 anfractus,
598 277 885 323 brevioribus
909 274 1074 321 semitis
1093 274 1409 322 occurrebant.
1439 274 1495 318 Et

206 352 408 400 Romani
439 351 495 398 ad
525 350 835 406 Ambraciam,
873 348 1073 410 pluribus
1103 348 1216 396 locis
1248 345 1495 409 quatiendo

207 427 419 475 arietibus
436 440 591 472 muros
605 459 618 482 ‚
638 423 917 486 aliquantum
935 422 1058 468 urbis
1084 423 1377 468 nudaverant.
1411 435 1497 465 nec

207 512 358 548 tamen
388 510 622 561 penetrare
651 495 700 542 in
728 496 885 542 urbem
914 508 1139 558 poterant.
1174 496 1291 541 Nam
1321 496 1370 541 ὅ(
1399 491 1497 556 pari

207 574 434 622 celeritate
454 588 609 618 novus
629 586 714 633 pro
744 570 896 616 diruto
927 586 1080 616 murus
1106 568 1430 630 objiciebatur,
1445 569 1496 615 ὅ(

211 645 370 694 armati
383 680 397 704 ‚
418 644 560 691 ruinis
577 643 893 706 superstantes,
914 642 1051 689 instar
1067 641 1337 688 munimenti
1355 652 1499 687 erant.

208 722 394 782 Itaque,
430 733 533 763 cum
569 728 721 779 aperta
749 715 800 761 vi
829 731 987 777 parum
1020 714 1287 777 procederet
1320 712 1499 760 consuli

209 808 280 839 res
297 826 310 849 ‚
330 789 587 837 cuniculum
607 787 840 836 occultum
859 823 873 845 ,
892 787 1040 833 vineis
1070 800 1172 833 ante
1191 786 1402 832 contecto
1424 786 1502 832 lo-

208 880 295 921 c0‚
313 879 444 927 agere
463 861 665 908 instituit.
691 863 740 909 &
758 860 1054 923 aliquamdiu,
1078 876 1182 906 cum
1204 859 1295 904 dies
1326 857 1501 904 noctes·-

209 953 300 1000 que
321 937 369 983 in
396 951 535 999 opere
560 935 698 981 ess'ent
720 969 734 991 ,
767 949 862 979 non
892 932 1039 979 solum
1069 931 1148 978 sub
1176 943 1293 978 terra
1317 930 1500 977 fodien-

211 1021 307 1068 tes,
334 1008 408 1055 sed
439 1020 666 1072 egerentes
697 1007 831 1053 etiam
854 1007 1067 1063 humum,
1089 1004 1285 1051 fefellere
1311 1003 1500 1050 hostem.

211 1083 435 1131 Cumulus
463 1094 647 1145 repente
678 1093 808 1127 terrae
841 1080 1041 1126 eminens
1077 1077 1213 1126 index
1236 1076 1386 1140 operis
1412 1093 1501 1139 op·-

212 1157 389 1221 pidanis
408 1155 506 1203 fuit.
529 1155 797 1218 pavidique,
817 1169 873 1200 ne
890 1153 978 1213 jam
997 1152 1191 1198 subrutis
1210 1152 1373 1209 muris,
1389 1151 1502 1197 faita

212 1233 262 1280 in
288 1233 445 1279 urbem
474 1231 551 1277 via
569 1229 676 1277 esset
692 1265 706 1288 ,
734 1227 890 1274 foffam
915 1228 1033 1273 intra
1065 1243 1243 1272 murum
1272 1243 1294 1272 e
1313 1226 1502 1289 regione

214 1304 312 1367 ejus
342 1303 523 1367 operis,
558 1302 687 1365 quod
719 1301 865 1347 vineis
898 1299 1156 1346 contectum
1188 1310 1314 1355 erat,
1340 1298 1503 1344 ducere

217 1378 473 1425 instituunt.
510 1375 637 1438 cujus
661 1374 738 1421 ubi
759 1375 814 1421 ad
832 1385 998 1420 tantam
1016 1372 1295 1419 altitudinem
1309 1407 1322 1430 ‚
1355 1388 1503 1434 quan-

213 1463 274 1497 tae
302 1450 387 1497 effe
416 1448 562 1495 solum
588 1445 792 1495 infimum
813 1444 1011 1492 cuniculi
1043 1454 1249 1506 poterat,
1277 1459 1503 1505 pervene-

214 1536 323 1572 runt
341 1560 355 1582 ,
382 1523 576 1570 silentio·
598 1520 744 1578 facto,
779 1518 982 1581 pluribus
1013 1516 1126 1564 locis
1155 1534 1259 1563 aure
1293 1517 1504 1575 admota,

216 1599 417 1646 sonitum
445 1596 719 1642 fodientium
747 1593 994 1657 captabant.
1030 1592 1182 1652 Quem
1208 1591 1285 1637 ubi
1318 1608 1506 1653 accepe-

216 1684 353 1729 runt,
376 1670 583 1733 aperiunt
602 1670 764 1715 rectam
783 1667 828 1713 in
849 1666 1110 1713 cuniculum
1134 1665 1269 1711 viam.
1304 1654 1389 1710 nec
1420 1663 1507 1710 fuit

217 1744 368 1809 magni
403 1743 568 1805 operis.
603 1753 841 1788 momento
867 1741 987 1787 enim
1016 1740 1071 1786 ad
1104 1739 1264 1796 inane,
1294 1737 1506 1801 suspenso

219 1817 406 1865 furculis
437 1816 493 1862 ab
513 1815 712 1861 hostibus
743 1829 874 1859 muro
893 1848 906 1868 ‚
934 1822 1254 1875 pervenerunt.
1288 1809 1352 1855 ibi
1375 1826 1506 1856 com-

220 1890 359 1938 miffis
394 1888 637 1951 operibus,
667 1904 768 1934 cum
797 1903 821 1933 e
853 1885 962 1933 tosta
988 1885 1035 1930 in
1056 1883 1315 1931 cuniculum
1338 1894 1508 1945 pateret

223 1966 308 2014 iter
324 2001 339 2024 ‚
368 1965 520 2028 primo
550 1963 651 2026 ipsis
682 1962 961 2009 ferramentis
980 1996 994 2017 ‚
1019 1960 1181 2024 quibus
1207 1959 1252 2006 in
1278 1975 1415 2020 opere
1442 1957 1508 2005 usi

223 2055 371 2097 erant,
395 2038 499 2085 dein
525 2037 727 2085 celeriter
752 2035 906 2082 armati
936 2034 1068 2080 etiam
1090 2033 1326 2079 subeuntes
1351 2032 1511 2079 occul-

223 2126 316 2160 tam
350 2111 432 2159 sub
455 2124 618 2158 terram
638 2109 875 2157 ediderunt
896 2125 1106 2172 pugnam.
1143 2107 1321 2171 segnior
1350 2105 1511 2152 deinde

224 2206 277 2235 ea
303 2187 412 2236 facta
435 2187 522 2244 est3
552 2185 942 2248 intersepientibus
974 2183 1261 2239 cuniculum,
1296 2181 1374 2227 ubi
1404 2181 1508 2226 vel-

226 2265 321 2310 lent
338 2299 352 2321 ‚
384 2279 507 2310 nunc
533 2261 692 2309 ciliciis
712 2259 939 2323 praetentis
958 2295 971 2317 ‚
998 2275 1119 2305 nunc
1147 2256 1319 2304 foribus
1347 2256 1511 2317 raptim

229 2334 430 2396 objeffls.
464 2336 606 2382 Nova
633 2333 765 2380 etiam
795 2332 912 2378 haud
938 2331 1086 2395 magni
1115 2328 1264 2391 operis
1298 2327 1512 2376 adversus

228 2422 309 2454 eos
325 2442 340 2466 ,
356 2407 435 2472 qui
455 2407 503 2455 in
528 2406 743 2459 cuniculo
763 2414 887 2452 erant
902 2439 916 2463 ‚
944 2401 1201 2467 excogitata
1224 2417 1292 2448 res
1312 2399 1387 2448 est.
1423 2400 1510 2447 do-
