1618 2715
194 51 286 99 334
553 33 1105 83 TITILIVII

195 145 246 190 &
277 151 469 205 quatuor
501 142 731 198 tabernas,
750 142 793 188 in
815 144 1042 205 publicum
1062 144 1195 200 emit;
1223 143 1472 194 basilicam:

193 232 282 278 que
311 215 372 262 ibi
392 215 530 273 fecit,
550 233 648 277 quae
670 215 831 262 Porcia
856 217 1073 277 appellata
1093 218 1166 263 est.
1200 221 1254 264 Et
1274 220 1472 282 vessiga-

193 288 254 334 lia
273 288 452 335 summis
474 287 653 350 pretiis,
671 287 792 333 ultro
822 287 988 334 tributa
1008 289 1172 335 infimis
1193 290 1471 338 locaverunt.

193 378 303 424 quas
326 360 576 407 locationes
606 378 708 406 cum
745 359 920 407 senatus
941 397 953 418 ,
973 363 1174 422 precibus
1201 365 1251 410 δε
1280 362 1473 410 lacrimIS

195 431 543 494 publicanorum
571 431 740 489 vietus,
769 432 921 479 induci
957 434 1006 480 δε
1041 434 1093 480 de
1124 434 1301 498 integro
1332 435 1475 482 locari

194 503 409 568 juffiffet3
451 505 656 552 censores
673 542 686 562 ‚
720 505 864 552 edielo
891 505 1105 554 submotis
1139 509 1193 554 ab
1225 507 1340 554 hasta
1359 545 1371 566 ,
1393 507 1475 571 qui

197 574 414 622 ludificati
443 576 637 639 priorem
663 576 936 623 locationem
966 590 1114 635 erant,
1140 578 1291 624 omnia
1322 579 1475 624 eadem

197 650 380 714 paulum
402 651 650 697 imminutis
670 650 822 712 pretiis
846 642 1129 698 locaverunt.
1161 652 1340 698 Nobilis
1364 668 1474 697 cen-

197 722 297 768 sura
329 722 439 779 fuit,
469 722 827 785 fimultatumque
857 722 1015 784 plena,
1048 741 1147 786 quae
1174 726 1237 769 M.
1264 723 1475 770 Porcium

198 795 307 853 (cui
341 794 555 841 acerbitas
583 811 631 840 ea
661 794 988 857 affignabatur)
1012 813 1090 857 per
1120 812 1302 842 omnem
1334 796 1475 843 vitam

198 870 511 916 exercuerunt.
548 869 719 915 Eodem
747 886 867 915 anno
897 869 1093 916 coloniae
1121 870 1246 927 (luae,
1270 870 1476 915 Potentia

198 943 248 989 in
282 942 520 1000 Picenum,
541 942 765 988 Pisaurum
796 943 843 988 in
873 944 1098 989 Gallicum
1130 961 1279 1005 agrum
1299 979 1312 1000 ,
1338 943 1478 988 dedu·-

199 1015 281 1061 &ae
312 1014 425 1063 sunt.
454 1016 565 1061 Sena
595 1014 744 1078 jugera
775 1014 819 1061 in
853 1016 1047 1078 singulos
1079 1017 1191 1063 data.
1227 1016 1478 1062 diviserunt

198 1104 380 1150 agrum,
403 1086 692 1149 coloniasque
723 1087 1005 1133 deduxerunt
1031 1087 1164 1134 iidem
1192 1088 1396 1146 tresviri,
1417 1090 1481 1148 Q.

198 1161 360 1207 Fabius
389 1161 568 1218 Labeo,
600 1160 649 1206 &
672 1161 734 1206 M.
765 1162 811 1206 δέ
831 1161 891 1219 Q.
911 1160 1085 1216 Fulvii,
1106 1162 1285 1207 Flaccus
1305 1162 1353 1208 &
1375 1162 1479 1207 No-

199 1233 353 1280 bilior.
377 1232 598 1280 Consules
617 1230 710 1292 ejus
727 1233 831 1277 anni
853 1249 936 1279 nec
953 1232 1077 1279 domi
1096 1249 1180 1280 nec
1198 1233 1367 1279 militiae
1388 1244 1482 1284 nie-:⁴

198 1306 420 1353 morabile
454 1305 698 1369 quidquam
731 1317 931 1368 egerunt.

265 1382 411 1428 XLV.
442 1383 492 1426 ln
512 1379 820 1442 insequentem
852 1396 1016 1425 annum
1044 1391 1250 1427 crearunt
1277 1381 1481 1430 consules

204 1456 269 1502 M.
287 1452 525 1500 Claudium
545 1451 804 1499 Marcellum
820 1488 833 1510 ,
852 1454 911 1512 Q.
931 1453 1112 1499 Fabium
1133 1454 1396 1500 Labeonem.
1419 1457 1482 1503 M.

201 1527 443 1585 Claudius,
465 1528 524 1587 Q.
539 1526 696 1573 Fabius
716 1527 864 1573 Idibus
886 1526 1084 1585 Martiis,
1108 1543 1200 1590 quo
1221 1527 1291 1574 die
1315 1529 1482 1576 consu-

201 1599 342 1646 latum
362 1598 584 1656 inierunt,
603 1598 655 1644 de
675 1597 930 1660 provinciis
950 1598 1032 1643 suis
1057 1612 1392 1662 praetorumque
1412 1618 1481 1646 re-

202 1671 418 1718 tulerunt.
449 1672 666 1719 Praetores
695 1670 828 1716 creari
859 1682 985 1716 erant
1013 1671 1065 1717 C.
1086 1671 1291 1718 Valerius
1318 1672 1480 1719 flamen

200 1743 350 1791 Dialis
369 1779 383 1801 ,
404 1743 481 1806 qui
510 1746 560 1791 &
584 1743 734 1806 priore
760 1760 880 1790 anno
911 1744 1122 1806 petierat,
1149 1747 1197 1792 &
1223 1747 1295 1806 Sp.
1318 1745 1481 1792 Postu-

204 1817 320 1864 mius
337 1816 555 1876 Albinus,
578 1819 629 1864 &
659 1818 705 1864 P.
724 1817 970 1865 Cornelius
991 1818 1194 1876 Sisenna,
1223 1821 1269 1865 L.
1292 1819 1484 1882 Pupius,

205 1896 256 1941 L.
289 1890 458 1952 Julius,
487 1894 570 1940 Cn.
605 1892 809 1940 Sicinius.
849 1893 1124 1940 Consulibus
1161 1894 1350 1957 Ligures
1379 1911 1484 1941 cum

204 1967 360 2014 iisdem
394 1966 665 2014 exercitibus
682 2003 695 2025 ,
723 1983 837 2030 quos
861 1969 907 2014 P.
930 1968 1141 2014 Claudius
1160 1969 1208 2014 &
1229 1971 1277 2015 L.
1297 1970 1484 2016 Porcius

207 2042 484 2097 habuerant,
511 2041 752 2103 provincia
783 2041 960 2088 decreta
989 2041 1064 2088 est.
1103 2042 1326 2104 Hispaniae
1361 2056 1485 2091 extra

209 2115 375 2162 sortem
411 2115 577 2177 prioris
606 2115 711 2162 anni
737 2116 1006 2178 praetoribus
1036 2133 1135 2162 cum
1160 2116 1243 2162 suis
1275 2117 1485 2163 exerciti-

205 2191 290 2236 bus
325 2189 527 2236 servatae.
560 2189 781 2235 Praetores
813 2189 873 2234 ita
898 2188 1047 2234 sortiri
1077 2189 1193 2247 jussi,
1220 2189 1284 2235 uti
1313 2188 1485 2234 flamini

208 2261 335 2307 Diali
363 2262 520 2323 utique
550 2262 684 2307 altera
718 2260 827 2321 juris
852 2262 1026 2308 dicendi
1053 2263 1210 2307 Romae
1245 2260 1485 2322 provincia

210 2334 326 2381 ess'et.
344 2334 621 2399 peregrinam
643 2334 703 2383 est
724 2333 918 2384 sortitus.
944 2334 1138 2382 Siieiiiiae
1165 2333 1386 2380 Cornelio
1407 2349 1484 2388 urg
