1618 2715
263 133 812 186 uisToRlARuM
847 134 973 180 Lm.
1009 131 1250 178 tuxia.
1325 144 1408 193 173

136 247 303 313 phanti.
337 245 649 292 Romanorum
672 241 846 324 aliquot
866 239 1093 286 vulnerati
1129 238 1258 294 sunt;
1295 239 1415 286 ceci*

139 323 245 368 deru
234 332 300 367 nt
328 335 422 366 non
451 318 550 380 plus
582 315 770 363 trecenti
805 314 1005 376 pedites,
1045 323 1242 375 quatuor
1265 313 1314 358 &
1337 312 1414 357 vi-

139 392 254 456 ginti
286 390 486 454 equite53
514 391 561 436 δε
581 389 635 434 de
662 385 870 432 Eumenis
905 384 1104 431 exercitu
1136 383 1340 446 quinque
1365 385 1415 429 &z

140 463 319 527 viginti.
356 465 412 509 Et
441 462 522 509 ino
552 461 730 524 quidem
763 459 833 505 die
861 458 1085 511 vi&ores‚
1116 456 1298 518 direptis
1326 456 1414 501 ho·-

140 537 271 583 stium
304 535 476 591 castris,
511 552 611 582 cum
650 549 808 594 magna
839 530 987 592 praeda
1019 530 1065 577 in
1108 528 1181 575 sua
1213 539 1417 575 reverte*

141 621 274 663 runt;
305 608 486 671 postero
525 607 596 654 die
634 605 884 669 spoliabant
930 603 1146 651 caesorum
1193 619 1417 665 corpora,

141 681 194 728 &
230 680 434 742 captivos
467 678 808 725 contrahebant.
843 675 995 739 Legati
1029 674 1083 721 ab
1110 674 1335 737 Thyatira
1367 675 1418 720 &

140 767 169 797 a
189 750 412 813 Magnesia
431 749 485 796 ad
501 747 704 812 Sipylum
722 747 775 793 ad
793 747 1011 792 dedendas
1030 745 1161 792 urbes
1180 758 1419 791 venei-uns.
1463 792 1467 795 ,

143 821 424 877 Antiochus,
456 836 558 867 cum
598 818 750 880 paucis
796 818 1004 881 fugiens,
1039 817 1084 863 in
1122 815 1218 879 ipso
1260 816 1420 862 itinere

143 897 346 959 pluribus
374 893 745 958 congregantibus
775 892 839 950 se,
864 893 1042 939 modica
1071 907 1205 937 manu
1227 902 1422 937 armato-

142 986 246 1016 rum
278 968 421 1015 media
460 967 596 1013 ferme
630 966 760 1012 nocie
797 965 952 1012 Sardes
991 964 1239 1011 contendit.
1284 963 1420 1020 inde,

146 1056 248 1090 cum
283 1041 496 1098 audiss'et,
528 1039 762 1085 Seleucum
798 1036 943 1083 filium
977 1038 1026 1084 &
1058 1036 1272 1100 quosdam
1308 1036 1421 1081 ami-

143 1131 303 1161 corum
333 1116 574 1175 Apameam
607 1110 892 1175 praegreff08‚
922 1112 973 1159 &
997 1110 1086 1173 ipse
1121 1121 1278 1173 quarta
1304 1108 1423 1171 vigi-

145 1189 204 1234 lia
241 1204 345 1234 cum
374 1185 570 1248 conjuge
601 1201 652 1230 ac
684 1183 775 1229 filia
802 1183 912 1244 petit
945 1185 1213 1244 Apameam,
1248 1179 1425 1226 Zenoni

144 1260 306 1308 *tradita
332 1257 530 1306 custodia
558 1256 704 1312 urbis,
733 1254 931 1301 Timone
963 1254 1121 1318 Lydiae
1151 1252 1423 1314 praeposito:

147 1333 310 1396 quibus
333 1329 488 1394 spretis
504 1365 517 1386 ,
546 1326 765 1375 consensu
787 1326 1120 1388 oppidanorum
1139 1327 1187 1372 δέ
1206 1322 1331 1369 milit·
1327 1341 1425 1376 tm,

148 1405 228 1470 qui
256 1406 300 1450 in
325 1420 423 1451 arce
453 1413 607 1456 erant,
639 1399 772 1462 legati
798 1399 853 1445 ad
885 1396 1114 1446 consu¹em
1137 1397 1247 1442 miffi
1277 1396 1390 1442 sunt

214 1479 355 1523 XLV.
389 1474 479 1521 Sub
510 1474 626 1519 idem
664 1471 755 1517 fere
789 1485 962 1532 tempus
997 1471 1046 1516 &
1082 1470 1136 1516 ab
1172 1469 1427 1523 Trallibus,

150 1552 204 1597 &
230 1566 255 1594 a
281 1545 504 1609 Magnesia
524 1580 538 1602 ‚
574 1561 673 1606 quae
705 1544 836 1604 super
866 1542 1145 1588 Maeandrum
1175 1540 1270 1599 est,
1304 1543 1352 1588 &
1372 1542 1428 1586 ab

150 1621 327 1685 Epheso
360 1619 491 1683 legati
524 1617 579 1664 ad
611 1617 830 1663 dedendas
864 1616 996 1662 urbes
1028 1626 1262 1662 venerunt.
1303 1616 1428 1660 Reu-

151 1709 310 1758 querat
340 1691 562 1754 Ephesum
590 1689 927 1753 Polyxenidas,
964 1687 1113 1734 audita
1143 1705 1317 1750 pugna,
1351 1691 1428 1742 &‚

152 1767 282 1814 class'e
302 1766 440 1827 usque
470 1765 524 1810 ad
545 1765 697 1809 Patara
717 1763 871 1826 Lyciae
905 1762 1137 1824 pei-vestus
1156 1797 1169 1818 ‚
1202 1773 1322 1806 metu
1343 1759 1430 1805 sta-

154 1839 294 1886 tionis
324 1837 604 1885 Rhodiarum
632 1836 816 1882 navium
832 1871 846 1893 ‚
870 1852 970 1898 quae
990 1835 1045 1880 ad
1065 1833 1277 1897 Megisten
1307 1846 1399 1879 erat
1415 1868 1430 1889 ,

154 1913 202 1960 in
227 1925 387 1960 terram
407 1910 594 1975 egreffus
609 1946 623 1967 ‚
656 1927 756 1956 cum
778 1909 931 1971 paucis
955 1907 1114 1953 itinere
1135 1906 1319 1968 pedestri
1341 1908 1430 1968 Sy-

155 1986 266 2032 riam
297 1984 437 2048 petiit.
465 1983 577 2028 Afiae
611 1981 816 2029 civitates
846 1980 893 2026 in
915 1979 1045 2026 fidem
1068 1978 1261 2026 consulis
1291 1978 1431 2023 ditio==

158 2075 350 2119 nemque
363 2057 519 2120 populi
535 2054 730 2101 Romani
748 2053 834 2100 sese
854 2053 1098 2099 tradebant.
1119 2052 1326 2097 Sardibus
1344 2051 1430 2110 jam

159 2129 318 2178 consul
337 2141 444 2175 erat.
481 2144 537 2174 eo
558 2130 605 2174 ὅ(
625 2130 670 2173 P.
689 2125 842 2188 Scipio
860 2126 915 2171 ab
936 2125 1077 2179 Elaea,
1108 2141 1163 2169 cu
1169 2141 1210 2168 m
1209 2123 1429 2217 sprituum

157 2203 252 2268 pati
272 2203 470 2249 laborem
491 2200 577 2246 viae
598 2199 768 2261 potuit,
789 2197 930 2244 venit.
966 2198 1056 2242 Sub
1074 2196 1143 2241 ide
1149 2213 1189 2240 m
1209 2194 1301 2240 fere
1318 2206 1431 2239 tem-

160 2292 246 2339 pus
283 2274 549 2321 caduceator
579 2273 633 2318 ab
665 2271 894 2317 Antiocho
931 2286 1009 2332 per
1044 2270 1089 2314 P.
1118 2266 1376 2328 Scipionem
1408 2283 1431 2312 a

165 2349 346 2396 consule
375 2348 532 2410 petiit,
561 2347 878 2410 impetravitqu
869 2362 934 2400 e,
963 2357 1013 2390 ut
1034 2355 1132 2389 ora
1120 2358 1236 2389 iores
1256 2342 1431 2387 mittere

161 2423 316 2471 liceret
351 2421 457 2488 regi.
506 2424 678 2469 Paucos
708 2420 810 2486 post
845 2419 936 2467 dies
970 2417 1180 2477 Zeuxis,
1203 2415 1281 2480 qui
1314 2431 1434 2480 praeq
