1618 2715
248 107 798 161 HisTomARUM
832 107 961 153 ΜΒ.
997 106 1196 152 XXXV.
1318 119 1379 170 39

40 227 44 230 “
109 222 286 280 Thoas,
311 220 515 284 princeps
543 216 707 282 gentis,
734 231 867 279 quem
895 212 1102 259 miserant
1132 213 1186 258 ad
1209 212 1374 258 Antio-

109 295 266 351 chum,
287 293 472 341 redierat
487 328 501 350 ‚
522 291 712 354 indeque
736 284 996 349 Menippum
1015 285 1160 333 secum
1182 285 1378 330 adduxe-

109 380 198 425 rat,
225 367 336 430 regis
370 366 578 429 legatum.
611 362 733 423 Qui,
760 360 1012 423 priusquam
1045 358 1287 405 concilium
1322 357 1377 403 iis

108 439 311 496 daretur,
330 437 626 499 impleverant
648 431 850 480 omnium
875 448 1026 488 aures,
1047 429 1265 476 terrestres
1296 446 1379 475 na-

107 509 314 573 valesque
342 509 496 572 copias
520 507 942 556 commemorando:
968 507 1168 567 ingentem
1194 505 1278 549 vim
1306 519 1381 561 pe-

111 586 242 629 ditum
273 585 522 642 equitumque
545 583 710 626 venire:
738 599 790 626 ex
818 581 946 625 India
982 580 1212 639 elephantos
1231 593 1246 621 .·
1287 590 1382 626 ante

113 657 255 700 omnia
274 655 398 716 (quo
418 653 607 699 maxime
623 651 801 698 moveri
820 650 1058 698 credebant
1075 646 1374 696 multitudinis

112 724 309 786 animos)
335 742 494 771 tantum
522 728 672 771 advehi
689 727 807 781 auri,
830 740 875 770 ut
900 725 1011 784 ipsos
1028 741 1146 768 emere
1165 723 1380 766 Romanos=

105 794 243 856 poſjit.
274 794 554 857 Apparebat,
575 796 684 858 quid
712 813 760 842 ea
793 795 940 844 oratio
967 796 1013 841 in
1045 793 1243 841 concilio
1276 809 1381 838 mo-

113 877 213 913 tura
241 866 357 913 effet.
393 884 493 912 nam
525 868 575 914 &
607 867 772 913 venisse
805 884 910 924 eos,
941 869 1016 924 &,
1036 884 1134 928 (με
1167 875 1380 927 agerent,

111 938 264 985 omnia
285 937 497 984 Romanis
515 938 665 1001 legatis
684 938 990 985 deferebantur
1010 956 1020 984 :
1042 939 1113 994 &‚
1132 951 1383 999 quanquam

115 1028 258 1073 prope
280 1010 441 1058 abscisa
467 1027 534 1058 res
563 1023 682 1069 erat,
710 1024 854 1059 tamen
876 1028 967 1058 non
990 1011 1043 1058 ab
1062 1026 1109 1056 re
1130 1001 1212 1055 effe
1232 1008 1385 1068 Quin-

117 1085 204 1131 &io
225 1085 371 1132 visum
389 1085 477 1144 est,
493 1085 718 1133 sociorum
741 1087 915 1150 aliquos
937 1086 1103 1149 legatos
1125 1081 1322 1129 interesse
1344 1080 1385 1128 ei

116 1157 339 1216 concilio,
360 1160 440 1221 qui
460 1158 751 1205 admonerent
775 1159 992 1204 Romanae
1014 1154 1235 1203 societatis
1257 1154 1386 1199 AEto-

115 1229 214 1287 los,
243 1229 320 1293 qui
339 1245 504 1276 vocem
534 1229 718 1277 liberam
739 1231 912 1277 mittere
944 1228 1154 1276 adversus
1181 1227 1293 1290 regis
1322 1225 1388 1271 le-

117 1316 266 1365 gatum
294 1303 519 1350 auderent.
556 1303 843 1350 Athenienses
871 1302 1062 1349 maxime
1093 1302 1137 1347 in
1170 1317 1265 1346 eam
1294 1315 1387 1345 rem

116 1374 269 1422 idonei
287 1375 367 1423 vis1
389 1375 512 1429 sunt,
532 1387 715 1436 propter
738 1378 785 1423 &
805 1375 997 1422 civitatis
1026 1373 1309 1437 dignitatem,
1336 1372 1387 1418 δε

117 1448 336 1495 vetustam
370 1447 624 1495 societatem
644 1465 744 1495 cum
774 1448 948 1495 AEtolis.
983 1448 1037 1493 ab
1062 1447 1113 1493 iis
1145 1443 1388 1505 Quinffius

115 1521 246 1584 petiit
261 1557 274 1579 ,
295 1533 343 1568 ut
363 1521 531 1584 legatos
550 1521 603 1567 ad
619 1520 938 1567 Panaetolicum
970 1519 1215 1567 concilium
1235 1517 1387 1563 mitte-

116 1607 230 1640 rent.
255 1594 408 1640 Thoas
427 1592 597 1654 primus
614 1592 658 1638 in
677 1607 738 1640 eo
754 1592 952 1639 concilio
971 1589 1249 1637 renuntiavit
1271 1589 1391 1650 lega—

118 1665 304 1711 tionem.
336 1664 576 1726 Menippus
605 1663 703 1724 post
723 1680 822 1710 eum
843 1662 1119 1710 intromiffns
1137 1696 1151 1719 ‚
1173 1663 1390 1721 Optimam

109 1738 236 1802 fuiffi
254 1741 440 1785 omnibus
455 1774 469 1793 ,
488 1740 556 1798 qui
576 1738 776 1783 Graeciam
792 1738 1016 1802 Asiamque
1043 1740 1282 1789 incolerent,
1301 1731 1361 1777 ait
1370 1766 1389 1787 ³

21 1816 23 1828 ’
50 1825 54 1828 “
120 1815 287 1873 integris
309 1814 422 1858 rebus
441 1811 630 1871 Philippi
654 1808 826 1873 potuiſjie
845 1812 1081 1856 intervenire
1099 1808 1352 1853 Antiochum
1372 1820 1395 1849 ξ·

112 1888 198 1947 fita
220 1905 406 1947 quemque
428 1888 661 1931 habiturum
671 1883 824 1948 fuiffi,
846 1904 966 1945 neque
992 1886 1131 1928 omnia
1143 1882 1224 1942 sub
1243 1896 1391 1925 nutum

121 1960 392 2019 ditionemque
410 1960 646 2004 Romanam
668 1975 922 2018 perventura.
955 1959 1080 2000 Nunc
1110 1970 1287 2014 quoque,
1317 1950 1390 1994 in-

121 2028 220 2091 quit
234 2063 248 2086 ‚
266 2029 315 2092 fi
331 2033 452 2075 modo
471 2047 545 2074 vos
560 2064 574 2084 ,
603 2047 684 2089 quae
703 2029 920 2093 inchoastis
936 2062 949 2083 ,
977 2024 1148 2088 consilia
1169 2023 1394 2087 constante?

117 2104 343 2164 perducitis
357 2106 414 2147 ad
424 2105 579 2147 exitum
590 2136 603 2159 ,
613 2103 784 2162 poterit,
798 2103 904 2146 Diis
917 2100 1162 2156 juvantibus
1175 2131 1188 2152 ‚
1208 2095 1248 2142 δ’
1261 2099 1392 2141 AEto-

124 2179 178 2222 lis
194 2177 323 2236 sociis
337 2210 351 2232 ,
376 2177 611 2220 Antiochus
647 2177 834 2235 quamvis
873 2175 1100 2219 inclinatas
1133 2171 1298 2215 Graeciae
1332 2184 1393 2214 res

123 2250 318 2316 restituere
334 2250 378 2293 in
389 2249 607 2312 pristinam
628 2249 882 2308 dignitatem.
910 2247 981 2290 Ea
997 2260 1128 2290 autem
1151 2244 1194 2286 in
1215 2243 1397 2285 libertate

120 2322 257 2384 postca
275 2321 349 2385 est,
367 2321 553 2381 quaefitis
565 2321 654 2387 stat
671 2322 826 2366 viribus
841 2350 856 2374 ‚
874 2337 960 2364 non
986 2337 1038 2364 ex
1062 2318 1196 2361 alieno
1222 2314 1399 2359 arbitrio»
1434 2330 1437 2334 ’

122 2394 283 2452 pendet.
301 2390 590 2444 Athenienses
605 2425 620 2451 ,
641 2389 800 2454 quibus
815 2389 970 2454 primis
986 2423 1000 2447 ‚
1019 2385 1118 2450 post
1142 2384 1307 2450 regiam
1326 2382 1396 2431 le:-

1040 2459 1078 2505 C
1112 2475 1143 2518 4
