1618 2715
266 131 819 194 HISTORIARUM
854 128 980 174 Lm.
1017 126 1240 173 XXXVI.
1317 134 1405 175 101'

125 245 206 292 fitu
227 242 474 299 moenium,
506 237 801 288 circumsedit.
834 253 916 282 nec
936 234 1082 280 minus
1107 233 1257 293 operis
1274 233 1408 279 labo—'

125 315 269 378 risque
290 332 339 360 ea
361 312 646 375 oppugnatio
661 346 671 362 ,
692 325 822 372 quam
844 305 1096 362 Heracleae,
1116 305 1302 367 habuit„

136 421 142 427 ι
191 388 363 435 XXXI.
388 385 557 432 Eodem
583 396 786 444 tempore
808 383 857 439 &
888 378 1081 425 Messene
1101 378 1148 423 in
1175 377 1406 440 Pelopon-

126 461 234 508 neso
253 460 306 506 ab
325 457 523 513 Achaeis,
540 455 663 519 quod
682 452 866 500 concilii
885 467 1043 498 eorum
1063 449 1283 496 recusaret
1302 449 1408 505 effe,

127 531 378 597 oppugnari
408 541 556 592 coepta
585 528 659 574 est.
693 526 870 572 Etenim
900 524 998 570 duae
1026 523 1257 578 civitates,
1289 522 1407 568 Mes-

127 606 226 653 sene
249 607 298 652 &
322 604 434 659 Elis,
452 615 578 649 extra
598 599 842 650 concilium
861 597 1107 646 Achaicum
1131 609 1258 643 erant
1276 608 1288 643 t
1306 603 1407 643 cum

128 680 290 728 AEtolis
329 677 591 725 sentiebant.
632 675 727 722 Elei
767 686 943 730 tamen,
977 672 1076 735 post
1114 670 1314 733 fugatum
1351 686 1408 716 ex

129 752 305 799 Graecia
338 750 640 807 Antiochum,
674 747 828 812 legatis
860 745 1131 793 Achaeorum
1167 742 1308 788 lenius
1335 757 1409 787 re·-

128 825 423 888 sponderant,
461 822 622 885 dimiffo
653 822 846 886 praesz'dio
881 823 1018 883 regio,
1054 821 1301 882 cogitaturos
1327 818 1408 876 fi,

128 903 231 960 quid
240 900 329 964 sthi
345 899 590 956 faciendum
620 894 718 959 effic.
740 893 966 951 Messenii,
993 892 1081 938 fine
1107 890 1318 953 responso
1343 889 1413 935 di-

128 971 260 1018 sniffis
283 971 457 1034 legatis,
488 981 729 1016 moverant
755 967 948 1020 bellum;
981 964 1233 1027 trepidique
1260 979 1410 1009 rerum

131 1044 329 1101 suatum,
357 1060 458 1089 cum
484 1041 570 1102 jam
602 1056 703 1104 ager
729 1038 868 1084 effuso
898 1037 1095 1084 exercitu
1129 1035 1274 1097 paffim
1306 1051 1410 1080 ure-

130 1127 274 1171 retur,
298 1115 524 1178 castraque
545 1128 688 1176 prope
714 1112 868 1157 urbem
899 1107 1010 1172 poni
1030 1107 1264 1164 viderent,
1286 1107 1410 1169 lega-

130 1202 201 1235 tos
223 1187 483 1234 Chalcidem
508 1186 562 1231 ad
588 1187 642 1232 T.
663 1182 960 1244 Quinffium,
980 1182 1205 1227 auftotem
1230 1179 1411 1225 liberta-

130 1260 186 1306 tis
201 1296 214 1318 ,
242 1258 454 1305 miserunt
469 1293 482 1314 ,
502 1255 579 1319 qui
602 1253 882 1311 nuntiarent,
905 1250 1145 1298 Messenios
1167 1251 1379 1297 Romanis
1394 1285 1411 1306 ,

130 1349 226 1380 non
254 1331 452 1389 Achaeis,
479 1331 528 1376 &
560 1327 731 1389 aperire
765 1338 947 1390 portas,
980 1325 1029 1372 ὃ(
1061 1324 1218 1370 dedere
1253 1325 1411 1369 urbem

133 1419 312 1469 paratos
344 1405 441 1451 esse.
485 1402 661 1450 Auditis
699 1401 881 1464 legatis,
916 1398 1145 1461 extemplo
1185 1398 1410 1461 profefihts

133 1478 374 1538 Quinffius
390 1514 402 1535 ,
424 1494 447 1523 a
471 1473 749 1538 Megalopoli
776 1473 831 1519 ad
855 1472 1143 1535 Diophanem
1170 1486 1410 1534 praetorem

133 1552 404 1597 Achaeorum
441 1549 586 1606 misit,
621 1549 696 1611 qui
734 1539 963 1610 extemplo
996 1548 1208 1593 reducere
1249 1562 1352 1592 eum
1386 1564 1411 1592 a

133 1624 329 1673 Messene
360 1622 602 1669 exercitum
620 1657 633 1678 ,
659 1623 707 1667 δι’
727 1620 882 1668 venire
911 1620 966 1666 ad
993 1619 1034 1666 se
1053 1619 1238 1681 juberet.
1270 1619 1411 1665 Dicto

133 1698 281 1762 paruit
300 1698 567 1761 Diophanes
586 1715 596 1744 ε
618 1699 692 1753 &,
714 1696 858 1743 soluta
887 1696 1121 1743 obsidione
1136 1732 1149 1753 ‚
1178 1695 1413 1758 expeditus

133 1773 254 1836 ipse,
275 1771 528 1836 praegreffus
557 1786 738 1833 agmen,
764 1769 881 1816 circa
909 1769 1186 1827 Andaniam,
1219 1784 1413 1831 parvum

135 1846 381 1909 oppidum,
415 1845 531 1890 inter
570 1844 896 1907 Megalopolim
936 1845 1254 1907 Messenenque
1289 1843 1412 1906 post-

134 1930 254 1975 tum,
275 1917 493 1977 Quinfflo
521 1916 748 1972 occurrit3
780 1919 856 1974 &,
883 1934 984 1964 cum
1006 1917 1150 1963 causas
1174 1933 1412 1980 oppugna-

136 1989 275 2035 tionis
301 2001 576 2051 exponeret‚
605 1987 858 2051 castigatum
885 1988 1066 2047 leniter,
1089 1990 1213 2051 quod
1244 2001 1413 2035 tantam

137 2079 230 2110 rem
265 2061 356 2108 fine
393 2062 655 2108 att&oritate
690 2061 765 2108 sua
799 2075 988 2109 conatus
1024 2063 1155 2120 effet,
1191 2062 1414 2109 dimittere

136 2134 381 2182 exercitum
409 2133 525 2194 juffit
541 2169 554 2191 ,
576 2151 657 2180 nec
678 2151 830 2197 pacem
859 2135 1063 2182 omnium
1094 2136 1220 2182 bono
1242 2148 1412 2196 partam

131 2210 330 2256 turbare.
352 2209 573 2255 Messeniis
592 2211 850 2273 imperavit,
869 2223 918 2258 ut
937 2210 1107 2258 exsules
1125 2212 1413 2268 reducerent,

137 2285 189 2330 &
214 2284 491 2329 Achaeorum
527 2282 710 2328 concilii
742 2283 894 2329 essent.
923 2282 952 2328 fi
980 2300 1065 2346 qua
1094 2283 1331 2340 haberent,
1361 2284 1415 2329 de

74 2385 80 2391 -
138 2353 405 2423 quibusvaut
433 2353 665 2411 recusare,
697 2365 771 2410 aut
807 2354 854 2401 in
890 2353 1113 2416 posterum
1150 2353 1304 2402 caveri
1334 2353 1415 2400 fibi

138 2425 337 2485 vellent,
377 2426 652 2475 Corinthum
686 2426 742 2474 ad
776 2426 817 2478 se
857 2426 1078 2475 venirent.
1122 2425 1415 2490 Diophanem

1048 2499 1152 2559 G3
