1618 2715
183 113 274 146 202
543 98 1102 146 TITILIVII

180 203 365 250 tandum
386 202 587 250 ultimam
611 202 730 266 spem
760 203 955 250 Romam
987 202 1228 250 miserunt:
1249 200 1384 259 nihil,
1413 217 1470 248 ne

179 275 349 323 bellum
380 276 624 333 haberent,
658 276 811 338 prius,
843 292 976 336 quam
1003 291 1128 336 paene
1162 274 1208 320 in
1229 272 1472 336 conspeftu

178 350 320 398 hostis
339 364 455 409 erat,
480 349 790 412 praemeditati.
817 351 911 398 Jarn
944 350 1008 394 M.
1040 347 1245 405 Fulvius,
1276 346 1471 409 Apollo-

177 422 300 470 niam
329 422 532 470 exercitu
559 423 742 486 traje&o
759 459 772 481 ,
794 439 896 470 cum
928 420 1218 483 Epirotarum
1250 418 1471 483 principi-

179 495 262 544 bus
301 496 612 553 consultabat,
643 496 763 542 unde
798 495 965 541 bellum
1000 493 1235 556 inciperet.
1269 492 1471 554 Epirotis

179 568 464 616 Ambraciam
493 568 698 631 placebat
726 565 930 630 aggredi,
958 580 1060 627 quae
1092 574 1186 609 tum
1211 562 1473 610 contribue-

179 654 248 687 rat
278 641 318 687 se
346 640 524 687 AEtolis.
542 642 636 706 five
667 643 727 685 ad
752 641 952 685 tuendam
980 655 1068 682 eam
1095 638 1277 682 venirent
1303 637 1474 686 AEtoli,

179 732 341 775 apertos
365 718 470 760 circa
502 732 670 775 campos
696 715 755 758 ad
784 712 1077 757 dimicandum
1100 707 1170 773 effe
1189 727 1204 755 :
1222 708 1315 774 sive
1344 712 1474 753 detre-

180 788 334 833 &arent
360 805 580 843 certamen,
611 788 961 849 oppugnationem
980 783 1077 842 fbre
1105 785 1223 828 haud
1248 783 1476 844 dff‘cilem.

179 881 280 908 nam
301 860 343 909 δ’
367 866 531 924 copiam
552 865 597 907 in
619 865 856 922 propinquo
882 860 1061 905 materiae
1088 860 1147 902 ad
1164 873 1327 918 aggeres
1358 859 1477 901 exci-

181 939 335 982 candos
356 935 399 982 6⁴
428 952 555 982 cetera
585 953 707 996 opera
738 932 808 997 effe}
827 951 843 978 .·
865 932 906 980 δ’
926 935 1196 979 ΑνεῑΙῑοπιενη
1210 965 1223 986 ,
1249 932 1478 991 navigabi-

180 1015 258 1058 lem
292 1030 482 1069 amnem,
515 1027 791 1073 opportunum
819 1012 879 1055 ad
913 1008 1240 1069 comportanda,
1268 1022 1356 1065 quae
1381 1004 1477 1064 usui

169 1087 283 1150 fiat,
306 1102 455 1148 praeter
480 1086 572 1147 ipfiz
601 1088 750 1130 maenia
769 1085 905 1148 fluere
921 1101 940 1137 ‚·
967 1079 1010 1126 G·
1041 1082 1215 1147 aestatem
1244 1094 1388 1139 aptam
1421 1078 1478 1122 rei

168 1162 361 1223 ,gerendae
400 1157 542 1221 adeffe.
588 1156 655 1203 his
692 1153 1002 1220 persuaserunt
1027 1188 1043 1211 ‚
1088 1163 1138 1198 ut
1173 1166 1253 1213 per
1287 1148 1477 1213 Epirum

182 1235 382 1281 duceret,

246 1310 326 1355 IV.
358 1305 550 1354 Consuli
572 1341 584 1361 ‚
611 1304 667 1351 ad
696 1300 982 1349 Ambraciam
1001 1296 1297 1364 advenienti,
1324 1294 1477 1359 magni

182 1382 334 1444 operis
355 1379 645 1443 oppugnatio·
670 1377 762 1424 visa
790 1375 866 1422 est.
898 1373 1139 1421 Ambracia
1159 1371 1336 1419 tumulo
1356 1369 1480 1430 aspe-

182 1471 237 1502 ro
265 1453 456 1514 subjecta
487 1453 548 1500 est
567 1489 580 1511 ‚
618 1451 908 1499 Perranthem
931 1448 1096 1495 incolae
1128 1458 1313 1495 vocant.
1344 1444 1477 1501 urbs,

182 1545 272 1591 qua
293 1544 445 1574 murus
475 1526 620 1590 vergit
650 1526 697 1572 in
726 1539 912 1586 campos
947 1523 997 1569 &
1030 1520 1227 1574 flumen,
1257 1517 1478 1566 occiden-

183 1613 304 1657 tem3
335 1618 414 1648 arx
429 1636 444 1658 ‚
473 1617 572 1663 quae
593 1598 799 1661 imposita
818 1596 879 1642 est
899 1592 1106 1651 tumulo,
1134 1592 1355 1638 orientem
1378 1589 1479 1652 spe·-

186 1675 286 1720 &an
322 1672 464 1720 amnis
483 1671 660 1719 Aretho
676 1706 690 1728 ‚
713 1686 770 1715 ex
789 1666 1056 1714 Athamania
1088 1664 1231 1711 fluens
1246 1700 1259 1722 ,
1293 1662 1411 1710 cadit
1431 1662 1480 1707 in

184 1747 328 1793 smum
357 1745 492 1793 maris
511 1781 524 1803 ,
551 1743 813 1791 ab·nomine
844 1741 1115 1803 propinquae
1145 1738 1269 1784 urbis
1285 1736 1479 1783 Ambra-

185 1820 306 1868 cium
341 1819 632 1882 appellatum.
681 1829 978 1879 praeterquam
1017 1811 1146 1875 quod
1185 1811 1295 1858 hinc
1335 1809 1481 1857 amnis

184 1893 361 1950 munit,
379 1892 486 1939 hinc
503 1891 689 1947 tumuli,
710 1905 843 1936 muro
863 1902 1048 1951 quoque
1066 1884 1202 1932 firmo
1218 1883 1338 1946 septa
1358 1894 1481 1939 erat,

188 1977 367 2030 patente
400 1965 447 2010 in
478 1963 672 2011 circuitu
702 1961 841 2025 paulo
867 1957 1060 2022 amplius
1088 1956 1171 2004 tria
1205 1955 1344 2002 millia
1382 1952 1482 2017 pas-

188 2039 330 2087 suum.
363 2038 549 2085 Fulvius
580 2037 681 2083 bina
710 2053 734 2082 a
756 2050 915 2097 campo
940 2031 1108 2087 castra,
1142 2030 1330 2077 modico
1363 2028 1480 2073 inter

189 2112 232 2160 se
261 2112 463 2159 distantia
491 2108 762 2167 intervallo,
786 2124 928 2154 unum
955 2105 1181 2153 castellum
1211 2103 1321 2150 loco
1355 2100 1480 2147 edito

190 2197 351 2232 contra
378 2200 527 2230 arcem
553 2181 737 2243 objecit.
779 2198 829 2227 ea
859 2178 1013 2226 omnia
1042 2177 1167 2224 vallo
1203 2192 1255 2222 ac
1284 2173 1393 2220 foffa
1420 2173 1481 2218 ita

188 2257 375 2320 jungere
414 2267 570 2320 parat,
611 2271 667 2300 ne
696 2253 846 2300 exitus
883 2252 1060 2299 inclusis
1095 2251 1151 2297 ab
1187 2248 1322 2305 urbe,
1361 2263 1482 2293 neve

191 2329 337 2376 aditus
372 2329 485 2376 foris
514 2329 571 2376 ad
606 2327 770 2375 auxilia
797 2323 1138 2372 intromittenda
1163 2320 1281 2369 effet.
1311 2320 1383 2366 Ad
1412 2318 1482 2365 fa-

194 2419 313 2450 mam
341 2401 696 2468 oppugnationis
724 2399 978 2448 Ambraciae
1002 2398 1193 2445 Stratum
1226 2393 1313 2455 jain
1335 2392 1481 2440 editio
