1618 2715
372 123 916 172 HISTORIARUM
952 125 1081 172 LIB.
1112 125 1210 172 XL.
1378 141 1466 188 373

183 230 276 279 visa
295 228 309 288 ,'
329 232 379 278 &
404 230 608 278 nuntiata
640 248 834 295 peregre.
860 233 910 277 In
932 248 1032 278 area
1053 231 1243 279 Vulcani
1266 233 1316 280 &
1342 233 1471 280 Con-

187 304 354 352 cordiae
375 303 634 367 sanguinem
655 305 800 368 pluit3
822 296 872 352 δέ
898 303 1138 367 pontifices
1164 304 1304 352 hastas
1327 320 1471 356 motas

185 377 481 435 nuntiavere,
503 380 551 425 ἕξ
577 378 767 425 Lanuvii
794 377 1078 424 simulacrum
1102 378 1292 425 lunonis
1317 379 1470 442 Sospi-

184 462 242 494 tae
278 449 534 497 lacrimasse.
568 450 617 497 &
647 450 895 514 pestilentia
927 449 974 495 in
1006 449 1146 514 agris,
1169 449 1399 514 forisque,
1423 455 1472 500 &

185 521 502 568 conciliabulis
516 558 529 580 ‚
550 522 660 569 &in
679 522 789 568 urbe
811 534 932 568 tanta
952 537 1068 580 erat,
1086 535 1135 569 ut
1150 522 1344 570 Libitina
1362 535 1470 572 tunc

184 594 267 640 vix
287 593 520 642 sufficeret.
541 595 621 642 His
640 594 856 658 prodigiis
878 595 1163 658 cladibusque
1181 595 1303 641 anxii
1320 597 1470 644 Patres

184 667 504 725 decreverunt,
522 679 573 714 ut
594 670 642 715 &
662 667 893 726 consules,
913 667 1074 730 quibus
1098 668 1201 714 Diis
1221 669 1467 729 videretur,

182 738 337 785 hostiis
363 739 608 801 majoribus
634 738 959 798 sacrificarent,
979 741 1029 786 δεῖ
1049 740 1297 787 decemviri
1325 741 1468 790 libros

182 812 366 859 adirent.
389 815 559 859 Eorum
580 813 761 860 decreto
783 812 1047 876 supplicatio
1068 813 1184 861 circa
1199 815 1352 863 omnia
1369 817 1468 878 pul-

181 885 357 931 vinaria
376 885 537 930 Romae
561 884 608 930 in
630 885 748 931 diem
767 902 905 932 unum
927 885 1088 933 indicia
1113 887 1188 934 est.
1217 887 1468 937 iisdemau-

182 956 380 1003 &oribus
401 959 449 1004 &
471 957 645 1003 senatus
672 957 871 1014 censuit,
895 961 944 1007 &
970 959 1175 1006 consules
1198 961 1466 1021 edixerunt,

182 1041 232 1074 ut
261 1045 339 1090 per
368 1042 511 1075 totam
541 1029 710 1076 Italiam
743 1030 940 1077 triduum
972 1030 1238 1094 supplicatio
1268 1033 1318 1080 &
1344 1033 1466 1081 feriae

179 1100 331 1147 effent.
351 1101 614 1147 Pestilentiae
632 1113 750 1148 tanta
766 1101 835 1148 vis
850 1114 957 1160 erat,
977 1115 1043 1161 ut,
1062 1121 1162 1150 cum
1183 1117 1370 1168 propter
1389 1108 1463 1152 de·

180 1171 422 1220 tectionem
450 1174 698 1220 Corsorum
716 1209 729 1232 ‚
752 1174 1008 1237 bellumque
1027 1176 1082 1222 ab
1103 1176 1328 1224 llienfibus
1349 1195 1466 1225 con-

179 1245 362 1292 citatum
394 1245 440 1291 in
471 1246 697 1305 Sardinia,
726 1248 830 1293 0810
857 1248 995 1294 millia
1022 1249 1226 1310 peditum
1250 1268 1304 1297 ex
1333 1251 1466 1299 sociis

181 1318 327 1365 Latini
354 1318 554 1365 nominis
586 1318 719 1365 scribi
746 1320 973 1382 placuisset
990 1355 1002 1377 ‚
1023 1323 1072 1368 &
1089 1335 1315 1369 trecentos
1335 1325 1465 1386 equi-

181 1404 273 1447 tes,
306 1408 420 1455 quos
454 1393 516 1437 M.
538 1391 742 1438 Pinarius
770 1405 938 1454 praetor
960 1392 1107 1440 secum
1140 1395 1187 1440 in
1217 1397 1466 1461 Sardiniam

179 1463 405 1524 trajiceret
421 1500 434 1521 ,
460 1477 636 1510 tantum
657 1465 894 1511 hominum
922 1465 1209 1513 demortuum
1229 1469 1313 1515 effe
1329 1505 1342 1526 ,
1366 1481 1466 1516 tan-

182 1550 277 1584 tum
307 1538 475 1600 ubique
506 1555 730 1602 aegrorum
762 1539 970 1586 consules
1001 1541 1360 1589 renuntiaverint
1376 1557 1395 1600 ‚'
1416 1556 1467 1591 ut

181 1611 219 1658 is
247 1627 458 1657 numerus
489 1611 607 1657 effici
629 1610 823 1657 militum
853 1627 948 1656 non
975 1612 1191 1673 potuerit.
1219 1615 1343 1676 quod
1361 1616 1466 1662 dee-

179 1696 246 1730 rat
273 1683 463 1730 militum
479 1720 494 1742 ‚
518 1683 688 1731 sumere
711 1702 735 1731 a
765 1685 852 1731 Cn.
877 1684 1031 1731 Baebio
1062 1686 1361 1747 proconsule,
1387 1689 1467 1751 qui

179 1755 284 1802 Pifis
305 1755 568 1802 hibernabat
586 1793 598 1812 ,
619 1754 759 1817 jussus·
782 1768 980 1817 praetor,
1003 1770 1135 1820 atque
1163 1759 1266 1805 inde
1298 1761 1342 1807 in
1363 1763 1468 1808 Sar-

178 1829 349 1876 diniam
378 1830 592 1891 trajicere.
625 1833 674 1877 L.
696 1831 916 1878 Duronio
937 1832 1123 1893 praetori
1139 1868 1153 1889 ,
1174 1833 1245 1878 cui
1273 1835 1467 1896 provin-

181 1902 250 1948 cia
270 1903 435 1966 Apulia
454 1916 688 1959 evenerat,
707 1902 873 1964 adjefia
894 1903 947 1949 de
966 1904 1321 1953 Bacchanalibus
1342 1923 1469 1969 quae·
1528 1908 1531 1909 ⁷

103 1997 115 2005 ·
182 1974 268 2021 stio
287 1974 373 2021 est:
394 1974 520 2035 cujus
537 1975 710 2022 refidua
728 1975 931 2039 quaedam
949 1975 1075 2022 velut
1094 1976 1255 2023 semina
1275 1993 1330 2023 ex
1347 1978 1470 2039 prio·

183 2046 306 2094 ribus
339 2047 466 2094 malis
491 2047 582 2110 jam
602 2047 754 2111 priore
775 2064 896 2094 anno
920 2062 1215 2111 apparuerant
1235 2068 1246 2096 ε
1280 2049 1353 2097 sed
1372 2068 1470 2098 ma-

182 2118 250 2183 gis
274 2119 498 2167 inchoatae
515 2121 636 2184 apud
656 2123 702 2168 L.
721 2120 912 2183 Pupium
935 2134 1175 2184 praetorem
1197 2123 1467 2186 quaestiones

182 2204 335 2252 erant²
375 2209 511 2255 quam
543 2193 599 2240 ad
630 2194 800 2241 exitum
834 2194 978 2241 ullum
1013 2198 1250 2258 perducta
1292 2198 1336 2244 id
1364 2214 1469 2260 per-

185 2262 330 2310 secare
358 2281 534 2312 novum
555 2277 796 2328 praetorem
807 2302 823 2324 ,
841 2284 897 2314 ne
921 2267 1114 2331 serperet
1134 2269 1295 2316 iterum
1314 2271 1471 2329 latius,

179 2336 328 2383 Patres
354 2336 587 2398 jusserunt.
622 2341 677 2385 Et
697 2339 815 2404 leges
836 2341 890 2387 de
913 2342 1082 2388 ambitu
1101 2342 1305 2390 consules
1323 2361 1377 2391 ex
1395 2361 1470 2391 au-

173 2405 379 2454 &oritate
405 2407 581 2458 senatus
608 2411 664 2458 ad
682 2410 911 2475 populum
933 2412 1153 2461 tulerunt.

1114 2491 1252 2552 Aa3
