1618 2715
236 109 289 155 28
590 104 1149 153 TITILIVII

227 209 460 275 sequenti,
491 229 608 272 quem
649 214 807 258 tertium
839 214 1028 258 duceret?
1064 212 1182 258 haud
1215 210 1350 259 dubie
1380 212 1513 273 fimet

225 287 362 347 ipsum
399 284 564 332 dixisse.
610 285 728 330 Tum
765 284 898 330 risum
934 285 1149 332 obortum
1188 285 1426 347 Scipioni,
1460 285 1513 332 δε

227 357 482 418 subjecisse:
511 359 732 418 Quidnam
759 374 804 403 tu
832 361 1010 414 diceres,
1019 359 1071 423 si
1092 378 1154 404 me
1178 357 1371 422 viciffes?
1405 359 1512 403 Turn

228 452 292 479 me
318 450 411 477 vero
428 466 442 487 ,
463 430 635 493 inquit,
657 429 699 477 δ’
725 447 821 477 ante
842 434 1140 477 Alexandrum
1158 466 1171 488 ‚
1194 428 1239 476 δ’
1270 446 1365 475 ante
1392 431 1513 490 Pyr-

227 509 347 553 thum
364 539 377 560 ,
415 501 458 550 δ’
489 520 583 549 ante
608 522 747 550 omnes
772 505 884 550 alios
913 507 1174 565 imperatores
1203 503 1291 567 effi.
1329 505 1386 549 Et
1407 511 1514 564 pet*

227 578 413 642 plexum
450 575 624 622 Punico
663 574 756 621 astu
793 574 1085 637 responsum,
1122 576 1172 622 &
1208 574 1511 638 improvisum

227 648 529 699 assentationis
549 664 686 711 genus
700 648 958 710 Scipionem
979 647 1170 694 moviffe
1185 682 1199 703 ‚
1218 648 1345 711 quod
1369 665 1393 694 e
1413 664 1514 710 gre-

226 739 281 787 ge
309 721 350 768 se
372 720 692 783 imperatorum
715 720 841 765 velut
867 718 1219 764 inaestimabilem
1243 718 1511 766 secreviffet.

308 796 412 842 XV.
451 793 615 840 Villius
643 793 698 838 ab
720 791 894 854 Epheso
919 793 1162 854 Apameam
1194 791 1416 855 proceffit.
1453 807 1511 837 eo

225 869 278 915 &
290 865 566 921 Antiochus,
583 864 736 911 audito
753 865 1068 910 Romanorum
1086 863 1333 925 legatorum
1349 862 1512 909 adven-

225 951 302 997 ω,
329 937 551 984 occurrit:
586 939 794 999 Apameae
814 935 1057 999 congteffis
1075 934 1336 997 disceptatio
1356 934 1509 982 eadem

222 1011 366 1059 ferme
394 1008 506 1066 fuit,
531 1024 631 1071 quae
648 1009 810 1053 Romae
837 1007 952 1054 inter
970 1006 1238 1066 Quinctium
1267 1005 1510 1069 &legatos

224 1083 343 1147 regis
376 1080 534 1128 fuerat.
578 1098 700 1127 mors
734 1080 931 1126 nuntiata
966 1078 1212 1137 Antiochi,
1248 1077 1328 1124 filii
1359 1079 1510 1142 regis,

222 1173 360 1219 quem
388 1153 560 1201 miffum
586 1152 722 1216 paulo
742 1164 843 1198 ante
868 1151 1066 1198 dixeram
1086 1150 1132 1196 in
1155 1150 1330 1214 Syriam
1346 1185 1360 1209 ,
1389 1152 1510 1198 dire-

225 1232 309 1279 mit
334 1228 585 1292 colloquia.
624 1228 816 1289 Magnus
854 1225 994 1271 luctus
1027 1225 1073 1270 in
1107 1225 1225 1288 regia
1254 1225 1370 1283 fuit,
1410 1243 1510 1272 mad

223 1318 452 1369 gnumque
480 1301 575 1362 ejus
595 1299 771 1361 juvenis
791 1299 1067 1346 desiderium.
1100 1300 1146 1346 id
1163 1300 1283 1346 enim
1303 1299 1509 1363 jamspe-

224 1377 375 1435 cimen
409 1374 473 1420 sui
500 1373 704 1430 dederat,
727 1384 776 1417 ut
793 1407 807 1429 ,
841 1370 872 1417 fi
895 1372 987 1418 vita
1011 1371 1198 1435 longior
1225 1373 1507 1437 contigisset,

222 1448 372 1513 magni
393 1447 585 1509 justique
618 1445 734 1509 regis
768 1445 814 1490 in
849 1461 906 1490 eo
938 1444 1139 1491 indolem
1165 1444 1290 1492 fuiffe
1316 1463 1507 1509 appare-

222 1535 306 1570 ret.
343 1523 454 1581 Quo
490 1519 639 1566 carior
678 1517 1000 1581 acceptiorque
1031 1517 1244 1565 omnibus
1281 1533 1407 1579 erat,
1446 1533 1507 1567 eo·

219 1610 346 1642 mors
366 1592 458 1653 ejus
488 1591 727 1654 suspectior
748 1589 857 1649 fuit,
882 1606 1065 1653 gravem
1087 1590 1380 1638 successorem
1402 1609 1506 1646 eum

220 1667 380 1715 instare
409 1663 619 1711 senectuti
653 1663 740 1709 suae
772 1675 944 1726 patrem
973 1663 1228 1710 credentem
1247 1699 1263 1722 ‚
1301 1682 1381 1728 per
1404 1666 1504 1730 spa-v

147 1797 150 1799 ,
218 1742 363 1789 dones
395 1737 636 1803 quosdam,
660 1737 816 1784 talium
847 1737 1098 1784 ministeriis
1135 1737 1391 1787 facinorum
1426 1759 1505 1791 ac·-

217 1829 378 1879 ceptos
397 1813 572 1878 regibus
585 1850 598 1869 ,
618 1829 800 1879 veneno
820 1811 1044 1859 sustuliffe.
1064 1815 1172 1859 Eam
1193 1831 1378 1879 quoque
1398 1834 1502 1864 cau·

217 1887 308 1934 sam
343 1884 618 1932 clandestino
656 1884 852 1931 facinori
882 1885 1177 1946 adjiciebant,
1207 1888 1364 1949 quod,
1396 1906 1500 1937 cum

215 1960 408 2007 Seleuco
430 1956 524 2003 filio
542 1956 866 2021 Lysimachiam
886 1957 1093 2012 dedisset,
1110 1959 1345 2007 Antiocho
1364 1977 1501 2024 quam

214 2032 403 2081 fimilem
427 2033 549 2079 daret
577 2032 720 2080 sedem
739 2068 752 2091 ,
782 2045 832 2079 ut
853 2034 1015 2096 procul
1044 2033 1100 2080 ab
1128 2032 1170 2080 se
1196 2034 1375 2082 honore
1396 2053 1500 2085 eum

215 2122 402 2171 quoque
439 2105 693 2169 ablegaret,
742 2122 837 2153 non
871 2106 1097 2154 habuiffet.
1149 2107 1305 2173 Magni
1348 2121 1499 2158 tamen

215 2179 362 2226 hictus
394 2178 562 2241 species
591 2195 671 2241 per
701 2179 876 2243 aliquot
910 2180 1002 2226 dies
1028 2181 1195 2245 regiam
1226 2182 1399 2230 tenuit:
1435 2183 1502 2230 Ie-

215 2251 427 2314 gatusque
454 2252 713 2309 Romanus,
749 2268 804 2296 ne
829 2251 978 2298 alieno
1011 2264 1216 2316 tempore
1238 2253 1499 2300 incommo-

215 2326 296 2370 dus
319 2324 632 2371 obversaretur
648 2359 662 2380 ,
690 2324 950 2386 Pergamum
971 2326 1200 2373 conceffit.
1233 2325 1333 2371 Rex
1353 2327 1500 2390 Ephe-

216 2395 310 2444 sum
322 2432 338 2457 ,
366 2396 528 2444 omiffo
544 2432 557 2456 ‚
577 2396 703 2460 quod
721 2396 1018 2445 inchoaverat
1031 2433 1049 2458 ,
1065 2397 1187 2445 bello
1199 2433 1213 2459 ,
1236 2398 1382 2450 rediit.
1405 2399 1498 2460 ibi,

1611 570 1616 626 ἐ

1612 627 1614 651 ι

1612 789 1618 800 η
