1618 2715
177 91 270 151 236
541 90 1100 140 T1T1L1V11

174 195 230 243 iis
264 196 438 260 proeliis
476 197 725 261 superiores
761 210 902 258 erant.
946 202 1050 246 Una
1088 199 1142 245 ad
1179 199 1464 249 coercendos

173 267 364 317 inventa
399 270 516 316 haud
553 287 712 332 magna
757 283 1010 317 memoratu
1047 287 1115 317 res
1151 270 1226 318 est.
1263 272 1464 320 Centum

173 340 427 389 funditores
458 342 513 388 ab
541 343 673 406 AEgio
706 344 757 390 &
791 342 930 389 Patris
959 345 1008 390 &
1037 344 1207 407 Dymis
1238 345 1385 392 acciti.
1421 348 1464 394 A

173 417 325 479 pueris
347 417 403 476 ii,
423 434 551 463 more
571 418 766 480 quodam
786 419 930 481 gentis
946 453 959 476 ,
981 417 1094 465 saxis
1113 418 1335 481 globosis,
1358 419 1462 484 qui-

173 490 257 536 bus
279 489 418 536 ferme
448 507 594 536 arenae
623 490 840 537 immixtis
867 491 995 537 strata
1015 490 1149 537 litora
1178 490 1303 550 sunt,
1322 491 1461 540 funda

172 581 295 610 mare
339 577 541 626 apertum
588 563 880 621 incessentes,
919 563 1260 611 exercebantur.
1309 564 1461 628 itaque

172 632 356 698 longius
389 637 638 701 certiusque
661 640 710 686 &
740 637 963 685 validiore
989 636 1076 683 iustu
1092 671 1106 694 ,
1125 654 1258 700 quam
1278 636 1463 687 Baliaris

173 708 405 769 funditor,
428 729 484 757 eo
514 713 606 758 telo
627 713 689 757 us1
711 711 823 758 sunt.
853 712 903 758 &
933 710 994 757 est
1022 727 1117 757 non
1148 710 1356 773 fimplicis
1381 710 1463 758 ha-

170 780 327 839 henae,
349 795 397 828 ut
422 783 636 830 Baliarica
665 783 943 846 aliarumque
974 783 1174 846 gentium
1195 783 1362 831 funda:
1388 783 1464 830 sed

172 852 337 915 triplex
372 853 566 913 scutale,
597 855 764 901 crebris
792 855 952 901 suturis
986 856 1196 903 duratum
1214 892 1228 915 ,
1250 874 1308 903 ne
1339 857 1462 904 fluxa

170 927 346 975 habena
377 929 609 976 volutetur
640 929 687 974 in
715 927 832 990 jaffilu
857 929 1012 992 glans3
1043 930 1144 988 sed,
1166 929 1323 977 librata
1358 948 1462 978 cum

169 998 353 1057 sederit,
377 1000 504 1048 velut
524 1017 670 1048 nervo
692 1001 815 1047 missa
835 1000 1102 1048 excutiatur.
1134 1019 1329 1050 coronas
1353 1020 1460 1050 mo·-

171 1072 262 1120 dici
286 1073 443 1120 circuli
470 1089 635 1137 magno
662 1091 717 1120 ex
751 1074 996 1121 intervallo
1030 1074 1123 1122 loci
1155 1069 1308 1123 assueti
1337 1075 1464 1138 traji-

171 1162 302 1204 cere,
324 1164 419 1193 non
451 1149 595 1210 capita
629 1146 774 1194 solum
809 1147 1003 1194 hostium
1036 1147 1363 1208 vulnerabant,
1388 1149 1462 1196 sed

168 1236 304 1282 quem
338 1221 491 1267 locum
525 1221 805 1268 destinassent
832 1220 938 1268 oris.
973 1222 1049 1266 Eae
1082 1221 1232 1270 fundae
1264 1225 1463 1272 Samaeos

172 1295 506 1354 cohibuerunt,
537 1313 595 1343 ne
630 1308 719 1343 tam
754 1296 944 1352 crebro,
975 1311 1095 1342 neve
1127 1309 1218 1344 tam
1255 1298 1462 1346 audafte‘r

171 1382 485 1431 erumperent:
505 1369 615 1415 adeo
636 1381 684 1415 ut
701 1380 991 1431 precarentur
1014 1385 1071 1414 ex
1090 1369 1227 1415 muris
1249 1361 1464 1429 Achaeos,

170 1453 222 1488 ut
243 1459 480 1506 parumper
507 1443 820 1501 abscederent,
842 1445 893 1491 δε
914 1442 956 1489 se
971 1479 985 1501 ,
1009 1460 1112 1490 cum
1139 1444 1358 1492 Romanis
1378 1444 1464 1491 sta-

173 1515 376 1563 tionibus
427 1530 703 1580 pugnantes,
749 1518 899 1581 quiete
941 1517 1201 1580 spectarent.
1248 1520 1464 1578 Quatuor

171 1590 344 1638 menses
372 1592 656 1639 obsidionem
686 1594 813 1639 Same
847 1590 1062 1638 sustinuit.
1092 1609 1195 1638 cum
1224 1609 1279 1638 ex
1309 1591 1462 1654 paucis

171 1664 378 1726 quotidie
398 1663 534 1727 aliqui
554 1682 714 1712 eorum
741 1665 977 1722 caderent,
995 1675 1070 1711 aut
1090 1664 1432 1712 vulnerarentur
1447 1700 1463 1722 ‚

173 1738 254 1793 δέ,
287 1738 364 1801 qui
398 1739 682 1802 superarent,
714 1738 808 1786 feffi
839 1741 888 1788 ὃς
922 1738 1192 1802 corporibus
1225 1738 1464 1786 &animis

171 1812 337 1868 effentg,
368 1814 564 1861 Romani
595 1815 727 1861 noch
751 1830 829 1876 per
858 1831 1030 1871 arcem,
1051 1830 1186 1876 quam
1219 1812 1463 1877 Cyatidem

169 1898 371 1943 vocant,
395 1887 522 1949 (nam
555 1887 689 1944 urbs,
719 1888 765 1933 in
798 1903 919 1934 mare
947 1887 1149 1944 devexa,
1179 1885 1226 1931 in
1249 1885 1464 1933 occidenae

171 1974 263 2005 tem
286 1959 458 2024 vergit)
482 1977 615 2006 muro
646 1960 851 2023 superato
870 1998 883 2019 ,
905 1961 951 2008 in
972 1960 1123 2010 forum
1144 1970 1469 2022 pervenerunt.

171 2032 355 2091 Samaei,
379 2033 620 2097 postquam
650 2046 824 2096 captam
842 2034 966 2080 urbis
995 2044 1161 2094 partem
1185 2033 1244 2081 ,ab
1264 2031 1466 2079 hostibus

168 2106 425 2164 senserunt,
448 2124 553 2154 cum
583 2107 857 2172 conjugibus
893 2125 946 2154 ac
976 2106 1126 2154 liberis
1159 2100 1210 2152 in
1245 2104 1464 2165 majorem

171 2180 436 2244 refugerunt
464 2197 627 2228 arcem.
655 2180 759 2227 inde
789 2181 972 2244 postero
1000 2180 1071 2226 die
1100 2178 1266 2239 dediti,
1294 2177 1462 2240 direpta

169 2254 311 2312 urbe,
330 2253 408 2301 sub
438 2270 612 2302 corona
629 2269 787 2300 omnes
816 2254 1076 2302 venierunt.

234 2329 390 2375 XXX.
427 2328 633 2386 Consul,
667 2328 931 2391 compositis
965 2328 1096 2374 rebus
1128 2324 1463 2388 Cephalleniae‚

169 2399 376 2464 presidio
410 2402 552 2449 Samae
587 2402 801 2465 imposito
813 2436 829 2458 ,
863 2402 910 2448 in
947 2399 1339 2464 Peloponnesum,
1372 2396 1464 2460 jam
