1618 2715
263 128 798 180 HisToaiARUM
833 127 960 173 ΜΒ.
998 126 1202 172 XXXV.
1325 142 1380 190 25

88 256 209 288 ‘rum
240 237 558 302 prodigiorum
599 234 721 282 causa
761 232 1053 295 supplicatum
1094 230 1155 277 est
1177 249 1187 276 ε
1223 230 1391 277 bovem

112 330 215 359 cum
240 328 342 357 cura
364 308 527 356 servari
549 307 695 369 alique
715 304 964 366 haruspices
988 302 1217 364 jufferunt.
1249 303 1392 348 Tibe-

113 385 174 431 ris
190 420 202 439 ‚
221 383 449 430 infestiore
469 397 600 442 quam
627 378 778 440 priore
803 376 973 438 impetu
991 375 1137 421 illatus
1159 374 1278 429 urbi,
1300 375 1394 420 duo

113 469 300 520 pontes,
326 453 513 502 aedificia
534 452 672 499 multa
688 487 700 507 ‚
721 449 912 497 maxime
944 449 1060 496 circa
1090 460 1265 511 portam
1290 447 1395 494 Flu-

112 543 389 588 mentanam,
415 528 591 575 evertit.
620 528 782 572 Saxum
813 524 998 587 ingens,
1026 522 1118 567 s1ve
1153 519 1394 576 imbribus,

113 602 205 649 five
226 615 354 648 motu
385 613 515 646 terrae
543 599 738 654 leviore,
769 612 900 658 quam
930 607 979 640 ut
1008 591 1183 654 alioqui
1212 590 1396 637 sentire-

114 689 212 732 tur,
234 674 540 721 labefafiiamm
558 707 571 729 ‚
593 672 637 717 in
659 671 811 717 vicum
838 669 1061 730 „lugarium
1083 682 1136 710 ex
1161 663 1395 726 Capitolio

114 748 339 811 procidit,
358 748 407 792 &
433 746 600 792 multos
621 742 846 804 oppressit.
879 744 925 785 In
948 738 1063 801 agris
1086 737 1238 799 paffim
1260 737 1396 782 inun-

117 819 228 864 datis
256 835 395 880 pecua
415 817 582 872 ablata,
606 815 815 861 villarum
840 812 999 874 strages
1020 809 1129 856 fa&a
1148 808 1223 855 est.
1245 807 1397 855 Prius-

118 908 253 950 quam
275 893 320 937 L.
341 888 577 949 Quinffius
607 885 764 933 consul
797 885 842 929 in
865 881 1152 943 provinciam
1183 879 1398 942 perveni-

118 953 212 1018 ret,
247 965 305 1022 Q
342 962 570 1006 Minucius
608 959 654 1004 in
689 973 798 1021 agro
833 955 991 1001 Pisano
1028 971 1130 1001 cum
1164 953 1399 1016 Liguribus

118 1035 249 1097 signis
273 1032 448 1080 collatis
469 1029 686 1094 pugnavit
707 1047 716 1074 ε
741 1043 912 1073 novem
941 1025 1079 1072 millia
1100 1023 1294 1070 hostium
1317 1040 1399 1070 oc-

121 1107 229 1155 cidit
251 1126 261 1153 ε
285 1117 456 1153 ceteros
484 1103 605 1150 fusos
637 1099 901 1165 fugatosque
930 1099 975 1144 in
1002 1098 1139 1146 castra
1166 1097 1401 1160 compulit.

120 1183 183 1227 Ea
203 1178 341 1242 usque
369 1177 415 1223 in
447 1177 621 1224 nouem
652 1189 819 1238 magno
854 1172 1093 1219 certamine
1115 1182 1400 1234 oppugnata,

121 1251 384 1313 defensaque
401 1249 512 1296 sunt.
534 1249 664 1294 noete
689 1247 801 1294 clam
822 1244 1011 1308 profeffi
1027 1245 1207 1307 Ligures
1227 1261 1236 1289 ε
1257 1243 1401 1306 prima

121 1327 223 1373 luce
247 1326 479 1371 Romanus
508 1339 650 1369 vacua
685 1319 819 1367 castra
849 1319 1023 1366 invasit.
1059 1318 1219 1381 praedae
1250 1317 1399 1364 minus

122 1399 358 1445 inventum
391 1397 480 1452 est,
503 1395 628 1458 quod
659 1393 843 1439 subinde
866 1391 1005 1453 spolia
1036 1400 1246 1454 agrorum
1274 1402 1402 1452 capta

122 1470 285 1515 domos
306 1467 554 1514 mittebant.
586 1464 813 1512 Minucius
841 1463 956 1509 nihil
984 1462 1142 1508 deinde
1163 1461 1403 1508 laxamenti

124 1542 324 1589 hostibus
345 1541 479 1587 dedit.
501 1557 558 1586 ex
578 1536 693 1601 agro
708 1536 864 1583 Pisano
886 1536 932 1581 in
952 1535 1133 1599 Ligures
1152 1533 1400 1597 profectus,

125 1616 298 1663 castella
319 1614 533 1678 vicosque
564 1630 724 1659 eorum
753 1611 843 1673 igni
866 1609 1076 1672 ferroque
1097 1608 1372 1672 pervastavit
1392 1626 1404 1654 ε

123 1689 186 1736 ibi
218 1689 365 1752 praeda
386 1687 565 1734 Etrusca
581 1723 593 1743 ,
616 1703 717 1749 quae
749 1683 870 1730 missa
890 1700 912 1728 a
941 1681 1285 1745 populatoribus
1305 1679 1404 1727 fue-

123 1776 191 1809 rat
206 1799 218 1819 ‚
238 1762 429 1824 repletus
448 1761 508 1807 est
529 1759 654 1806 miles
673 1761 919 1805 Romanus.

190 1836 336 1881 XXll.
354 1834 444 1880 Sub
464 1832 577 1878 idem
599 1845 773 1894 tempus
792 1828 921 1893 legati
940 1828 994 1875 ab
1014 1828 1190 1891 regibus
1210 1829 1404 1875 Romam

127 1921 424 1957 reverterunt.
471 1908 549 1970 qui
582 1924 683 1953 cum
719 1905 861 1961 nihil,
895 1903 1019 1967 quod
1053 1902 1149 1948 satis
1185 1916 1405 1950 maturam

128 1980 301 2027 causam
325 1979 428 2026 belli
448 1979 627 2024 haberet
643 2015 656 2034 ‚
682 1977 760 2024 nisi
784 1975 991 2023 adversus
1013 1975 1407 2026 Lacedaemonium

126 2064 392 2115 tyrannum,
413 2051 670 2105 attulissent,
689 2067 822 2112 quem
845 2051 894 2096 δι
909 2048 1061 2095 Achaei
1080 2048 1208 2109 legati
1227 2048 1407 2093 nuntia-

128 2125 235 2171 bant
261 2137 421 2171 contra
444 2123 591 2170 foedus
617 2122 881 2169 maritimam
909 2137 1033 2167 oram
1058 2122 1289 2166 Laconum
1319 2137 1407 2182 op-

128 2212 357 2259 pugnare3
391 2195 553 2240 Atilius
590 2207 756 2256 praetor
787 2211 890 2240 cum
930 2192 1057 2239 claffe
1090 2191 1238 2236 mitius
1269 2189 1328 2236 est
1360 2190 1410 2236 in

128 2270 348 2317 Graeciam
378 2270 432 2316 ad
454 2268 602 2315 socios
621 2268 826 2314 tuendos.
857 2264 1077 2313 Consules
1092 2299 1105 2320 ,
1128 2264 1310 2325 quando
1335 2264 1409 2308 ni-

128 2340 192 2384 hil
223 2340 276 2385 ab
303 2340 533 2386 Antiocho
560 2337 769 2395 instaret,
802 2338 1024 2402 proficisci
1051 2339 1184 2383 ambo
1218 2339 1265 2383 in
1297 2354 1411 2399 pro-

130 2413 304 2466 vincias
327 2414 513 2477 placuit.
537 2413 775 2463 Domitius
798 2413 852 2462 ab
873 2412 1082 2475 Arimino
1100 2448 1115 2470 ,
1138 2429 1222 2474 qua
1249 2411 1416 2474 proxi-q
