<?xml version="1.0" encoding="UTF-8"?>
<!DOCTYPE html PUBLIC "-//W3C//DTD XHTML 1.0 Transitional//EN"
    "http://www.w3.org/TR/xhtml1/DTD/xhtml1-transitional.dtd">
<html xmlns="http://www.w3.org/1999/xhtml" xml:lang="en" lang="en">
 <head>
  <title>
</title>
<meta http-equiv="Content-Type" content="text/html;charset=utf-8" />
  <meta name='ocr-system' content='tesseract 3.04.00' />
  <meta name='ocr-capabilities' content='ocr_page ocr_carea ocr_par ocr_line ocrx_word'/>
</head>
<body>
  <div class='ocr_page' id='page_1' title='image "./historiarumlibri06livyuoft_0337.png"; bbox 0 0 1618 2715; ppageno 0'>
   <div class='ocr_carea' id='block_1_1' title="bbox 0 1529 8 2117">
    <p class='ocr_par' dir='ltr' id='par_1_1' title="bbox 0 1529 8 2117">
     <span class='ocr_line' id='line_1_1' title="bbox 0 1529 8 2117; baseline 0 0"><span class='ocrx_word' id='word_1_1' title='bbox 0 1529 8 2117; x_wconf 95' lang='lat' dir='ltr'> </span> 
     </span>
    </p>
   </div>
   <div class='ocr_carea' id='block_1_2' title="bbox 274 119 1410 189">
    <p class='ocr_par' dir='ltr' id='par_1_2' title="bbox 274 119 1410 189">
     <span class='ocr_line' id='line_1_2' title="bbox 274 119 1410 189; baseline -0.005 -18"><span class='ocrx_word' id='word_1_2' title='bbox 274 120 819 171; x_wconf 78' lang='lat' dir='ltr'>HISTORIARUM</span> <span class='ocrx_word' id='word_1_3' title='bbox 852 121 973 166; x_wconf 88' lang='lat' dir='ltr'><strong>LIB.</strong></span> <span class='ocrx_word' id='word_1_4' title='bbox 1010 119 1234 166; x_wconf 73' lang='lat' dir='ltr'><strong>XXXIX.</strong></span> <span class='ocrx_word' id='word_1_5' title='bbox 1316 136 1410 189; x_wconf 61' lang='lat'>3²3⁵</span> 
     </span>
    </p>
   </div>
   <div class='ocr_carea' id='block_1_3' title="bbox 130 225 1448 2480">
    <p class='ocr_par' dir='ltr' id='par_1_3' title="bbox 130 225 1448 2480">
     <span class='ocr_line' id='line_1_3' title="bbox 134 225 1416 285; baseline -0.004 -4"><span class='ocrx_word' id='word_1_6' title='bbox 134 237 199 283; x_wconf 88' lang='lat' dir='ltr'>M.</span> <span class='ocrx_word' id='word_1_7' title='bbox 223 232 409 279; x_wconf 85' lang='lat' dir='ltr'>Porcius</span> <span class='ocrx_word' id='word_1_8' title='bbox 435 230 552 277; x_wconf 84' lang='lat' dir='ltr'>Cato</span> <span class='ocrx_word' id='word_1_9' title='bbox 568 264 583 285; x_wconf 90' lang='lat'>,</span> <span class='ocrx_word' id='word_1_10' title='bbox 603 229 664 275; x_wconf 90' lang='lat' dir='ltr'>M.</span> <span class='ocrx_word' id='word_1_11' title='bbox 693 227 879 274; x_wconf 82' lang='lat' dir='ltr'>Fulvius</span> <span class='ocrx_word' id='word_1_12' title='bbox 907 225 1151 282; x_wconf 81' lang='lat' dir='ltr'>Nobilior,</span> <span class='ocrx_word' id='word_1_13' title='bbox 1173 226 1247 274; x_wconf 90' lang='lat' dir='ltr'>Ti.</span> <span class='ocrx_word' id='word_1_14' title='bbox 1277 229 1326 275; x_wconf 87' lang='lat'>&amp;</span> <span class='ocrx_word' id='word_1_15' title='bbox 1347 229 1416 276; x_wconf 82' lang='lat' dir='ltr'>M.</span> 
     </span>
     <span class='ocr_line' id='line_1_4' title="bbox 130 299 1416 369; baseline -0.008 -12"><span class='ocrx_word' id='word_1_16' title='bbox 130 305 409 369; x_wconf 75' lang='lat' dir='ltr'><strong>Sempronii,</strong></span> <span class='ocrx_word' id='word_1_17' title='bbox 431 305 613 366; x_wconf 80' lang='lat' dir='ltr'>Longus</span> <span class='ocrx_word' id='word_1_18' title='bbox 637 304 686 351; x_wconf 84' lang='lat'>&amp;</span> <span class='ocrx_word' id='word_1_19' title='bbox 706 302 974 349; x_wconf 81' lang='lat' dir='ltr'><strong>Tuditanus.</strong></span> <span class='ocrx_word' id='word_1_20' title='bbox 997 299 1070 347; x_wconf 88' lang='lat' dir='ltr'>sed</span> <span class='ocrx_word' id='word_1_21' title='bbox 1090 317 1247 348; x_wconf 89' lang='lat' dir='ltr'>omnes</span> <span class='ocrx_word' id='word_1_22' title='bbox 1275 301 1416 363; x_wconf 83' lang='lat' dir='ltr'>patri·</span> 
     </span>
     <span class='ocr_line' id='line_1_5' title="bbox 134 373 1421 442; baseline -0.006 -14"><span class='ocrx_word' id='word_1_23' title='bbox 134 382 232 430; x_wconf 83' lang='lat' dir='ltr'>cios</span> <span class='ocrx_word' id='word_1_24' title='bbox 256 377 543 442; x_wconf 87' lang='lat' dir='ltr'>plebejosque</span> <span class='ocrx_word' id='word_1_25' title='bbox 562 375 930 424; x_wconf 86' lang='lat' dir='ltr'>nobiliffimarum</span> <span class='ocrx_word' id='word_1_26' title='bbox 947 373 1217 422; x_wconf 83' lang='lat' dir='ltr'>familiarum</span> <span class='ocrx_word' id='word_1_27' title='bbox 1234 377 1296 422; x_wconf 87' lang='lat' dir='ltr'>M.</span> <span class='ocrx_word' id='word_1_28' title='bbox 1315 377 1421 421; x_wconf 57' lang='lat' dir='ltr'>Por-2</span> 
     </span>
     <span class='ocr_line' id='line_1_6' title="bbox 131 447 1418 515; baseline -0.007 -14"><span class='ocrx_word' id='word_1_29' title='bbox 131 454 230 503; x_wconf 76' lang='lat' dir='ltr'>,cius</span> <span class='ocrx_word' id='word_1_30' title='bbox 257 453 393 515; x_wconf 84' lang='lat' dir='ltr'>longe</span> <span class='ocrx_word' id='word_1_31' title='bbox 416 450 624 498; x_wconf 80' lang='lat' dir='ltr'>anteibat.</span> <span class='ocrx_word' id='word_1_32' title='bbox 653 452 705 496; x_wconf 89' lang='lat' dir='ltr'>In</span> <span class='ocrx_word' id='word_1_33' title='bbox 724 451 813 496; x_wconf 87' lang='lat' dir='ltr'>hoc</span> <span class='ocrx_word' id='word_1_34' title='bbox 830 449 935 497; x_wconf 87' lang='lat' dir='ltr'>viro</span> <span class='ocrx_word' id='word_1_35' title='bbox 955 460 1076 495; x_wconf 89' lang='lat' dir='ltr'>tanta</span> <span class='ocrx_word' id='word_1_36' title='bbox 1098 447 1167 495; x_wconf 85' lang='lat' dir='ltr'>vis</span> <span class='ocrx_word' id='word_1_37' title='bbox 1190 447 1327 495; x_wconf 89' lang='lat' dir='ltr'>animi</span> <span class='ocrx_word' id='word_1_38' title='bbox 1346 448 1418 492; x_wconf 79' lang='lat' dir='ltr'>in-=</span> 
     </span>
     <span class='ocr_line' id='line_1_7' title="bbox 131 520 1419 589; baseline -0.004 -18"><span class='ocrx_word' id='word_1_39' title='bbox 131 525 342 589; x_wconf 88' lang='lat' dir='ltr'>geniique</span> <span class='ocrx_word' id='word_1_40' title='bbox 363 523 447 570; x_wconf 81' lang='lat' dir='ltr'>fuit</span> <span class='ocrx_word' id='word_1_41' title='bbox 460 559 474 582; x_wconf 79' lang='lat'><strong>‚</strong></span> <span class='ocrx_word' id='word_1_42' title='bbox 492 535 567 580; x_wconf 85' lang='lat' dir='ltr'>ut,</span> <span class='ocrx_word' id='word_1_43' title='bbox 586 538 864 586; x_wconf 87' lang='lat' dir='ltr'>quocunque</span> <span class='ocrx_word' id='word_1_44' title='bbox 886 521 995 569; x_wconf 89' lang='lat' dir='ltr'>loco</span> <span class='ocrx_word' id='word_1_45' title='bbox 1021 535 1148 568; x_wconf 84' lang='lat' dir='ltr'>natus</span> <span class='ocrx_word' id='word_1_46' title='bbox 1168 522 1271 568; x_wconf 81' lang='lat' dir='ltr'>effet</span> <span class='ocrx_word' id='word_1_47' title='bbox 1285 557 1299 579; x_wconf 92' lang='lat'>,</span> <span class='ocrx_word' id='word_1_48' title='bbox 1320 520 1419 568; x_wconf 89' lang='lat' dir='ltr'>for-</span> 
     </span>
     <span class='ocr_line' id='line_1_8' title="bbox 135 594 1420 660; baseline -0.005 -15"><span class='ocrx_word' id='word_1_49' title='bbox 135 613 289 646; x_wconf 85' lang='lat' dir='ltr'>tunam</span> <span class='ocrx_word' id='word_1_50' title='bbox 323 597 400 643; x_wconf 80' lang='lat' dir='ltr'>sibi</span> <span class='ocrx_word' id='word_1_51' title='bbox 423 596 513 660; x_wconf 86' lang='lat' dir='ltr'>ipse</span> <span class='ocrx_word' id='word_1_52' title='bbox 537 596 728 643; x_wconf 59' lang='lat' dir='ltr'>fadturus</span> <span class='ocrx_word' id='word_1_53' title='bbox 757 594 882 641; x_wconf 72' lang='lat' dir='ltr'>fuifi&#39;e</span> <span class='ocrx_word' id='word_1_54' title='bbox 902 594 1143 642; x_wconf 85' lang='lat' dir='ltr'>videretur.</span> <span class='ocrx_word' id='word_1_55' title='bbox 1171 594 1306 642; x_wconf 86' lang='lat' dir='ltr'>Nulla</span> <span class='ocrx_word' id='word_1_56' title='bbox 1330 610 1420 650; x_wconf 83' lang='lat' dir='ltr'>ars,</span> 
     </span>
     <span class='ocr_line' id='line_1_9' title="bbox 137 666 1423 734; baseline -0.005 -16"><span class='ocrx_word' id='word_1_57' title='bbox 137 687 284 734; x_wconf 87' lang='lat' dir='ltr'>neque</span> <span class='ocrx_word' id='word_1_58' title='bbox 315 670 506 731; x_wconf 79' lang='lat' dir='ltr'>privatae</span> <span class='ocrx_word' id='word_1_59' title='bbox 522 704 536 726; x_wconf 87' lang='lat'>‚</span> <span class='ocrx_word' id='word_1_60' title='bbox 553 684 698 729; x_wconf 84' lang='lat' dir='ltr'>neque</span> <span class='ocrx_word' id='word_1_61' title='bbox 719 666 913 729; x_wconf 76' lang='lat' dir='ltr'>publicae</span> <span class='ocrx_word' id='word_1_62' title='bbox 937 666 999 712; x_wconf 89' lang='lat' dir='ltr'>rei</span> <span class='ocrx_word' id='word_1_63' title='bbox 1023 666 1250 730; x_wconf 79' lang='lat' dir='ltr'>gerenclae‚</span> <span class='ocrx_word' id='word_1_64' title='bbox 1272 666 1313 713; x_wconf 86' lang='lat' dir='ltr'>ei</span> <span class='ocrx_word' id='word_1_65' title='bbox 1341 666 1423 712; x_wconf 86' lang='lat' dir='ltr'>de-</span> 
     </span>
     <span class='ocr_line' id='line_1_10' title="bbox 137 737 1425 803; baseline -0.005 -13"><span class='ocrx_word' id='word_1_66' title='bbox 137 742 235 790; x_wconf 89' lang='lat' dir='ltr'>fuit.</span> <span class='ocrx_word' id='word_1_67' title='bbox 276 743 481 789; x_wconf 85' lang='lat' dir='ltr'>Urbanas</span> <span class='ocrx_word' id='word_1_68' title='bbox 517 739 786 788; x_wconf 74' lang='lat' dir='ltr'>rusticasuue</span> <span class='ocrx_word' id='word_1_69' title='bbox 818 757 887 786; x_wconf 81' lang='lat' dir='ltr'>res</span> <span class='ocrx_word' id='word_1_70' title='bbox 919 739 1083 803; x_wconf 85' lang='lat' dir='ltr'>pariter</span> <span class='ocrx_word' id='word_1_71' title='bbox 1110 739 1311 787; x_wconf 79' lang='lat' dir='ltr'>callebat.</span> <span class='ocrx_word' id='word_1_72' title='bbox 1353 737 1425 784; x_wconf 71' lang='lat' dir='ltr'>Ad</span> 
     </span>
     <span class='ocr_line' id='line_1_11' title="bbox 139 811 1426 873; baseline -0.004 -11"><span class='ocrx_word' id='word_1_73' title='bbox 139 816 339 863; x_wconf 86' lang='lat' dir='ltr'>summos</span> <span class='ocrx_word' id='word_1_74' title='bbox 363 815 563 860; x_wconf 82' lang='lat' dir='ltr'>honores</span> <span class='ocrx_word' id='word_1_75' title='bbox 582 814 694 860; x_wconf 86' lang='lat' dir='ltr'>alios</span> <span class='ocrx_word' id='word_1_76' title='bbox 714 813 895 860; x_wconf 88' lang='lat' dir='ltr'>scientia</span> <span class='ocrx_word' id='word_1_77' title='bbox 917 811 1051 873; x_wconf 81' lang='lat' dir='ltr'>juris,</span> <span class='ocrx_word' id='word_1_78' title='bbox 1070 812 1182 858; x_wconf 89' lang='lat' dir='ltr'>alios</span> <span class='ocrx_word' id='word_1_79' title='bbox 1204 813 1426 873; x_wconf 68' lang='lat' dir='ltr'>eloquen-</span> 
     </span>
     <span class='ocr_line' id='line_1_12' title="bbox 141 884 1425 949; baseline -0.005 -15"><span class='ocrx_word' id='word_1_80' title='bbox 141 888 234 947; x_wconf 82' lang='lat' dir='ltr'>tia,</span> <span class='ocrx_word' id='word_1_81' title='bbox 264 887 379 933; x_wconf 85' lang='lat' dir='ltr'>alios</span> <span class='ocrx_word' id='word_1_82' title='bbox 419 886 561 949; x_wconf 85' lang='lat' dir='ltr'>gloria</span> <span class='ocrx_word' id='word_1_83' title='bbox 596 884 800 930; x_wconf 83' lang='lat' dir='ltr'>militaris</span> <span class='ocrx_word' id='word_1_84' title='bbox 830 884 1056 947; x_wconf 79' lang='lat' dir='ltr'>provexit.</span> <span class='ocrx_word' id='word_1_85' title='bbox 1088 885 1192 931; x_wconf 89' lang='lat' dir='ltr'>huic</span> <span class='ocrx_word' id='word_1_86' title='bbox 1221 884 1425 932; x_wconf 71' lang='lat' dir='ltr'>versatile</span> 
     </span>
     <span class='ocr_line' id='line_1_13' title="bbox 141 957 1423 1024; baseline -0.004 -16"><span class='ocrx_word' id='word_1_87' title='bbox 141 961 371 1024; x_wconf 84' lang='lat' dir='ltr'>ingenium</span> <span class='ocrx_word' id='word_1_88' title='bbox 396 960 454 1006; x_wconf 87' lang='lat' dir='ltr'>fic</span> <span class='ocrx_word' id='word_1_89' title='bbox 482 958 646 1021; x_wconf 83' lang='lat' dir='ltr'>pariter</span> <span class='ocrx_word' id='word_1_90' title='bbox 664 957 717 1003; x_wconf 89' lang='lat' dir='ltr'>ad</span> <span class='ocrx_word' id='word_1_91' title='bbox 736 958 890 1003; x_wconf 85' lang='lat' dir='ltr'>omnia</span> <span class='ocrx_word' id='word_1_92' title='bbox 916 957 1030 1015; x_wconf 86' lang='lat' dir='ltr'>fuit,</span> <span class='ocrx_word' id='word_1_93' title='bbox 1052 969 1101 1003; x_wconf 91' lang='lat' dir='ltr'>ut</span> <span class='ocrx_word' id='word_1_94' title='bbox 1127 970 1281 1003; x_wconf 86' lang='lat' dir='ltr'>natum</span> <span class='ocrx_word' id='word_1_95' title='bbox 1305 958 1358 1003; x_wconf 82' lang='lat' dir='ltr'>ad</span> <span class='ocrx_word' id='word_1_96' title='bbox 1377 957 1423 1003; x_wconf 74' lang='lat' dir='ltr'>id</span> 
     </span>
     <span class='ocr_line' id='line_1_14' title="bbox 143 1029 1425 1093; baseline -0.005 -11"><span class='ocrx_word' id='word_1_97' title='bbox 143 1051 285 1083; x_wconf 83' lang='lat' dir='ltr'>unum</span> <span class='ocrx_word' id='word_1_98' title='bbox 314 1033 482 1080; x_wconf 81' lang='lat' dir='ltr'>diceres</span> <span class='ocrx_word' id='word_1_99' title='bbox 501 1068 515 1089; x_wconf 86' lang='lat'>‚</span> <span class='ocrx_word' id='word_1_100' title='bbox 544 1031 852 1093; x_wconf 81' lang='lat' dir='ltr'>quodcunque</span> <span class='ocrx_word' id='word_1_101' title='bbox 876 1041 1036 1092; x_wconf 78' lang='lat' dir='ltr'>ageret.</span> <span class='ocrx_word' id='word_1_102' title='bbox 1083 1031 1130 1074; x_wconf 83' lang='lat' dir='ltr'>ln</span> <span class='ocrx_word' id='word_1_103' title='bbox 1169 1029 1290 1076; x_wconf 88' lang='lat' dir='ltr'>bello</span> <span class='ocrx_word' id='word_1_104' title='bbox 1326 1047 1425 1075; x_wconf 76' lang='lat' dir='ltr'>ina--</span> 
     </span>
     <span class='ocr_line' id='line_1_15' title="bbox 143 1101 1430 1165; baseline -0.008 -9"><span class='ocrx_word' id='word_1_105' title='bbox 143 1126 206 1156; x_wconf 84' lang='lat' dir='ltr'>nu</span> <span class='ocrx_word' id='word_1_106' title='bbox 237 1106 526 1162; x_wconf 69' lang='lat' dir='ltr'>forfiffimus,</span> <span class='ocrx_word' id='word_1_107' title='bbox 552 1102 787 1165; x_wconf 79' lang='lat' dir='ltr'>multisque</span> <span class='ocrx_word' id='word_1_108' title='bbox 809 1101 1053 1165; x_wconf 72' lang='lat' dir='ltr'>insignibus</span> <span class='ocrx_word' id='word_1_109' title='bbox 1079 1102 1219 1149; x_wconf 76' lang='lat' dir='ltr'>clarus</span> <span class='ocrx_word' id='word_1_110' title='bbox 1246 1102 1430 1165; x_wconf 48' lang='lat' dir='ltr'>pugni&amp;</span> 
     </span>
     <span class='ocr_line' id='line_1_16' title="bbox 143 1174 1427 1242; baseline -0.005 -16"><span class='ocrx_word' id='word_1_111' title='bbox 143 1181 284 1237; x_wconf 84' lang='lat' dir='ltr'>idem,</span> <span class='ocrx_word' id='word_1_112' title='bbox 302 1179 539 1242; x_wconf 81' lang='lat' dir='ltr'>postquam</span> <span class='ocrx_word' id='word_1_113' title='bbox 564 1176 617 1222; x_wconf 86' lang='lat' dir='ltr'>ad</span> <span class='ocrx_word' id='word_1_114' title='bbox 638 1190 824 1238; x_wconf 85' lang='lat' dir='ltr'>magnos</span> <span class='ocrx_word' id='word_1_115' title='bbox 844 1174 1042 1221; x_wconf 84' lang='lat' dir='ltr'>honores</span> <span class='ocrx_word' id='word_1_116' title='bbox 1062 1175 1286 1237; x_wconf 77' lang='lat' dir='ltr'>pervenit,</span> <span class='ocrx_word' id='word_1_117' title='bbox 1307 1176 1427 1220; x_wconf 81' lang='lat' dir='ltr'>surn-</span> 
     </span>
     <span class='ocr_line' id='line_1_17' title="bbox 144 1247 1428 1314; baseline -0.006 -13"><span class='ocrx_word' id='word_1_118' title='bbox 144 1272 243 1303; x_wconf 82' lang='lat' dir='ltr'>mus</span> <span class='ocrx_word' id='word_1_119' title='bbox 273 1253 548 1314; x_wconf 85' lang='lat' dir='ltr'>imperator:</span> <span class='ocrx_word' id='word_1_120' title='bbox 578 1249 695 1296; x_wconf 90' lang='lat' dir='ltr'>idem</span> <span class='ocrx_word' id='word_1_121' title='bbox 727 1248 773 1294; x_wconf 88' lang='lat' dir='ltr'>in</span> <span class='ocrx_word' id='word_1_122' title='bbox 803 1265 913 1310; x_wconf 88' lang='lat' dir='ltr'>pace</span> <span class='ocrx_word' id='word_1_123' title='bbox 934 1284 946 1303; x_wconf 93' lang='lat'><strong><em>‚</em></strong></span> <span class='ocrx_word' id='word_1_124' title='bbox 978 1248 1009 1294; x_wconf 88' lang='lat' dir='ltr'>fi</span> <span class='ocrx_word' id='word_1_125' title='bbox 1038 1247 1108 1309; x_wconf 82' lang='lat' dir='ltr'>jus</span> <span class='ocrx_word' id='word_1_126' title='bbox 1143 1249 1428 1302; x_wconf 70' lang='lat' dir='ltr'>consuleres,</span> 
     </span>
     <span class='ocr_line' id='line_1_18' title="bbox 145 1322 1431 1389; baseline -0.004 -15"><span class='ocrx_word' id='word_1_127' title='bbox 145 1326 427 1389; x_wconf 83' lang='lat' dir='ltr'>peritiffimus</span> <span class='ocrx_word' id='word_1_128' title='bbox 447 1344 459 1381; x_wconf 79' lang='lat'><em>3</em></span> <span class='ocrx_word' id='word_1_129' title='bbox 482 1324 513 1370; x_wconf 88' lang='lat' dir='ltr'>fi</span> <span class='ocrx_word' id='word_1_130' title='bbox 543 1322 668 1371; x_wconf 87' lang='lat' dir='ltr'>causa</span> <span class='ocrx_word' id='word_1_131' title='bbox 690 1322 860 1370; x_wconf 87' lang='lat' dir='ltr'>oranda</span> <span class='ocrx_word' id='word_1_132' title='bbox 878 1322 1007 1377; x_wconf 74' lang='lat' dir='ltr'>esset,</span> <span class='ocrx_word' id='word_1_133' title='bbox 1029 1322 1431 1384; x_wconf 70' lang='lat' dir='ltr'>eloquentissimus,</span> 
     </span>
     <span class='ocr_line' id='line_1_19' title="bbox 143 1396 1432 1459; baseline -0.005 -11"><span class='ocrx_word' id='word_1_134' title='bbox 143 1418 226 1450; x_wconf 81' lang='lat' dir='ltr'>nec</span> <span class='ocrx_word' id='word_1_135' title='bbox 252 1401 287 1447; x_wconf 82' lang='lat' dir='ltr'>ls</span> <span class='ocrx_word' id='word_1_136' title='bbox 316 1413 512 1457; x_wconf 84' lang='lat' dir='ltr'>tantum,</span> <span class='ocrx_word' id='word_1_137' title='bbox 542 1397 668 1458; x_wconf 83' lang='lat' dir='ltr'>cujus</span> <span class='ocrx_word' id='word_1_138' title='bbox 698 1397 846 1459; x_wconf 82' lang='lat' dir='ltr'>lingua</span> <span class='ocrx_word' id='word_1_139' title='bbox 867 1396 983 1443; x_wconf 90' lang='lat' dir='ltr'>vivo</span> <span class='ocrx_word' id='word_1_140' title='bbox 1006 1414 1063 1443; x_wconf 91' lang='lat' dir='ltr'>eo</span> <span class='ocrx_word' id='word_1_141' title='bbox 1085 1397 1279 1459; x_wconf 83' lang='lat' dir='ltr'>viguerit</span> <span class='ocrx_word' id='word_1_142' title='bbox 1296 1433 1309 1453; x_wconf 89' lang='lat'>‚</span> <span class='ocrx_word' id='word_1_143' title='bbox 1327 1414 1432 1443; x_wconf 83' lang='lat' dir='ltr'>mo·-</span> 
     </span>
     <span class='ocr_line' id='line_1_20' title="bbox 148 1467 1433 1531; baseline -0.003 -13"><span class='ocrx_word' id='word_1_144' title='bbox 148 1484 415 1519; x_wconf 86' lang='lat' dir='ltr'>numentum</span> <span class='ocrx_word' id='word_1_145' title='bbox 440 1469 716 1531; x_wconf 73' lang='lat' dir='ltr'>eloquentiae,</span> <span class='ocrx_word' id='word_1_146' title='bbox 746 1467 920 1514; x_wconf 90' lang='lat' dir='ltr'>nullum</span> <span class='ocrx_word' id='word_1_147' title='bbox 946 1468 1113 1515; x_wconf 84' lang='lat' dir='ltr'>exstet:</span> <span class='ocrx_word' id='word_1_148' title='bbox 1146 1468 1267 1516; x_wconf 85' lang='lat' dir='ltr'>vivit</span> <span class='ocrx_word' id='word_1_149' title='bbox 1290 1469 1433 1515; x_wconf 80' lang='lat' dir='ltr'>immo</span> 
     </span>
     <span class='ocr_line' id='line_1_21' title="bbox 150 1540 1434 1608; baseline -0.003 -17"><span class='ocrx_word' id='word_1_150' title='bbox 150 1545 362 1608; x_wconf 81' lang='lat' dir='ltr'>vigetque</span> <span class='ocrx_word' id='word_1_151' title='bbox 388 1542 647 1606; x_wconf 81' lang='lat' dir='ltr'>eloquentia</span> <span class='ocrx_word' id='word_1_152' title='bbox 665 1541 756 1602; x_wconf 82' lang='lat' dir='ltr'>ejus</span> <span class='ocrx_word' id='word_1_153' title='bbox 773 1578 786 1596; x_wconf 87' lang='lat'>‚</span> <span class='ocrx_word' id='word_1_154' title='bbox 807 1540 969 1588; x_wconf 87' lang='lat' dir='ltr'>sacrata</span> <span class='ocrx_word' id='word_1_155' title='bbox 990 1541 1159 1604; x_wconf 86' lang='lat' dir='ltr'>scriptis</span> <span class='ocrx_word' id='word_1_156' title='bbox 1186 1542 1334 1587; x_wconf 89' lang='lat' dir='ltr'>omnis</span> <span class='ocrx_word' id='word_1_157' title='bbox 1355 1557 1434 1605; x_wconf 48' lang='lat' dir='ltr'>ge*-</span> 
     </span>
     <span class='ocr_line' id='line_1_22' title="bbox 150 1614 1434 1676; baseline -0.005 -11"><span class='ocrx_word' id='word_1_158' title='bbox 150 1618 286 1666; x_wconf 78' lang='lat' dir='ltr'>neris.</span> <span class='ocrx_word' id='word_1_159' title='bbox 321 1617 566 1664; x_wconf 83' lang='lat' dir='ltr'>Orationes</span> <span class='ocrx_word' id='word_1_160' title='bbox 587 1616 637 1662; x_wconf 87' lang='lat'><strong>&amp;</strong></span> <span class='ocrx_word' id='word_1_161' title='bbox 670 1630 755 1676; x_wconf 89' lang='lat' dir='ltr'>pro</span> <span class='ocrx_word' id='word_1_162' title='bbox 783 1614 824 1661; x_wconf 89' lang='lat' dir='ltr'>se</span> <span class='ocrx_word' id='word_1_163' title='bbox 853 1614 1004 1660; x_wconf 85' lang='lat' dir='ltr'>multae</span> <span class='ocrx_word' id='word_1_164' title='bbox 1020 1649 1034 1671; x_wconf 89' lang='lat'><strong>‚</strong></span> <span class='ocrx_word' id='word_1_165' title='bbox 1054 1616 1103 1661; x_wconf 65' lang='grc' dir='ltr'>ὃς</span> <span class='ocrx_word' id='word_1_166' title='bbox 1127 1630 1210 1676; x_wconf 87' lang='lat' dir='ltr'>pro</span> <span class='ocrx_word' id='word_1_167' title='bbox 1241 1614 1361 1668; x_wconf 78' lang='lat' dir='ltr'>aliis,</span> <span class='ocrx_word' id='word_1_168' title='bbox 1383 1616 1434 1659; x_wconf 64' lang='grc' dir='ltr'>δε</span> 
     </span>
     <span class='ocr_line' id='line_1_23' title="bbox 149 1685 1435 1743; baseline -0.003 -7"><span class='ocrx_word' id='word_1_169' title='bbox 149 1689 197 1739; x_wconf 85' lang='lat' dir='ltr'>in</span> <span class='ocrx_word' id='word_1_170' title='bbox 219 1690 348 1737; x_wconf 81' lang='lat' dir='ltr'>alios.</span> <span class='ocrx_word' id='word_1_171' title='bbox 384 1706 484 1735; x_wconf 86' lang='lat' dir='ltr'>nam</span> <span class='ocrx_word' id='word_1_172' title='bbox 506 1704 603 1735; x_wconf 89' lang='lat' dir='ltr'>non</span> <span class='ocrx_word' id='word_1_173' title='bbox 625 1687 770 1733; x_wconf 89' lang='lat' dir='ltr'>solum</span> <span class='ocrx_word' id='word_1_174' title='bbox 788 1685 1038 1734; x_wconf 86' lang='lat' dir='ltr'>accusando</span> <span class='ocrx_word' id='word_1_175' title='bbox 1054 1722 1068 1743; x_wconf 82' lang='lat'>‚</span> <span class='ocrx_word' id='word_1_176' title='bbox 1088 1686 1160 1732; x_wconf 87' lang='lat' dir='ltr'>sed</span> <span class='ocrx_word' id='word_1_177' title='bbox 1179 1685 1311 1732; x_wconf 82' lang='lat' dir='ltr'>etiam</span> <span class='ocrx_word' id='word_1_178' title='bbox 1331 1704 1435 1733; x_wconf 78' lang='lat' dir='ltr'>cau-</span> 
     </span>
     <span class='ocr_line' id='line_1_24' title="bbox 151 1758 1437 1824; baseline -0.003 -14"><span class='ocrx_word' id='word_1_179' title='bbox 151 1763 240 1810; x_wconf 89' lang='lat' dir='ltr'>sam</span> <span class='ocrx_word' id='word_1_180' title='bbox 274 1762 467 1810; x_wconf 79' lang='lat' dir='ltr'>dicendo</span> <span class='ocrx_word' id='word_1_181' title='bbox 485 1797 498 1818; x_wconf 90' lang='lat'>,</span> <span class='ocrx_word' id='word_1_182' title='bbox 519 1760 726 1824; x_wconf 84' lang='lat' dir='ltr'>fatigavit</span> <span class='ocrx_word' id='word_1_183' title='bbox 754 1758 978 1807; x_wconf 87' lang='lat' dir='ltr'>inimicos.</span> <span class='ocrx_word' id='word_1_184' title='bbox 1013 1760 1265 1807; x_wconf 86' lang='lat' dir='ltr'>Simultates</span> <span class='ocrx_word' id='word_1_185' title='bbox 1290 1759 1437 1806; x_wconf 80' lang='lat' dir='ltr'>nimio</span> 
     </span>
     <span class='ocr_line' id='line_1_25' title="bbox 151 1833 1438 1899; baseline -0.003 -17"><span class='ocrx_word' id='word_1_186' title='bbox 151 1836 303 1899; x_wconf 88' lang='lat' dir='ltr'>plures</span> <span class='ocrx_word' id='word_1_187' title='bbox 336 1838 385 1882; x_wconf 89' lang='lat'>&amp;</span> <span class='ocrx_word' id='word_1_188' title='bbox 418 1846 716 1882; x_wconf 76' lang='lat' dir='ltr'>exercuerunt</span> <span class='ocrx_word' id='word_1_189' title='bbox 749 1849 851 1880; x_wconf 89' lang='lat' dir='ltr'>eum</span> <span class='ocrx_word' id='word_1_190' title='bbox 871 1868 885 1890; x_wconf 92' lang='lat'><strong>‚</strong></span> <span class='ocrx_word' id='word_1_191' title='bbox 914 1835 964 1881; x_wconf 86' lang='lat'>&amp;</span> <span class='ocrx_word' id='word_1_192' title='bbox 999 1833 1090 1896; x_wconf 90' lang='lat' dir='ltr'>ipse</span> <span class='ocrx_word' id='word_1_193' title='bbox 1120 1833 1321 1880; x_wconf 74' lang='lat' dir='ltr'>exercuit</span> <span class='ocrx_word' id='word_1_194' title='bbox 1350 1848 1438 1878; x_wconf 68' lang='lat' dir='ltr'>eas„</span> 
     </span>
     <span class='ocr_line' id='line_1_26' title="bbox 147 1905 1439 1968; baseline -0.004 -13"><span class='ocrx_word' id='word_1_195' title='bbox 147 1925 235 1955; x_wconf 80' lang='lat' dir='ltr'>nec</span> <span class='ocrx_word' id='word_1_196' title='bbox 267 1908 395 1956; x_wconf 88' lang='lat' dir='ltr'>facile</span> <span class='ocrx_word' id='word_1_197' title='bbox 424 1907 617 1963; x_wconf 84' lang='lat' dir='ltr'>dixeris,</span> <span class='ocrx_word' id='word_1_198' title='bbox 655 1919 806 1953; x_wconf 89' lang='lat' dir='ltr'>utrum</span> <span class='ocrx_word' id='word_1_199' title='bbox 834 1905 971 1968; x_wconf 89' lang='lat' dir='ltr'>magis</span> <span class='ocrx_word' id='word_1_200' title='bbox 1000 1905 1197 1967; x_wconf 74' lang='lat' dir='ltr'>presserit</span> <span class='ocrx_word' id='word_1_201' title='bbox 1224 1922 1324 1951; x_wconf 85' lang='lat' dir='ltr'>eum</span> <span class='ocrx_word' id='word_1_202' title='bbox 1350 1923 1439 1951; x_wconf 69' lang='lat' dir='ltr'>no·-</span> 
     </span>
     <span class='ocr_line' id='line_1_27' title="bbox 153 1975 1441 2041; baseline -0.002 -18"><span class='ocrx_word' id='word_1_203' title='bbox 153 1978 324 2036; x_wconf 82' lang='lat' dir='ltr'>bilitas,</span> <span class='ocrx_word' id='word_1_204' title='bbox 349 1995 404 2024; x_wconf 84' lang='lat' dir='ltr'>an</span> <span class='ocrx_word' id='word_1_205' title='bbox 425 1978 500 2024; x_wconf 87' lang='lat' dir='ltr'>ille</span> <span class='ocrx_word' id='word_1_206' title='bbox 519 1978 753 2041; x_wconf 83' lang='lat' dir='ltr'>agitaverit</span> <span class='ocrx_word' id='word_1_207' title='bbox 772 1977 1070 2024; x_wconf 86' lang='lat' dir='ltr'>nobilitatem.</span> <span class='ocrx_word' id='word_1_208' title='bbox 1099 1976 1255 2038; x_wconf 82' lang='lat' dir='ltr'>Asperi</span> <span class='ocrx_word' id='word_1_209' title='bbox 1277 1975 1441 2038; x_wconf 71' lang='lat' dir='ltr'>procul</span> 
     </span>
     <span class='ocr_line' id='line_1_28' title="bbox 153 2049 1441 2113; baseline -0.003 -15"><span class='ocrx_word' id='word_1_210' title='bbox 153 2050 294 2098; x_wconf 89' lang='lat' dir='ltr'>dubio</span> <span class='ocrx_word' id='word_1_211' title='bbox 313 2050 478 2108; x_wconf 88' lang='lat' dir='ltr'>animi,</span> <span class='ocrx_word' id='word_1_212' title='bbox 497 2051 546 2097; x_wconf 70' lang='grc' dir='ltr'>ὅ(</span> <span class='ocrx_word' id='word_1_213' title='bbox 564 2050 729 2113; x_wconf 83' lang='lat' dir='ltr'>linguae</span> <span class='ocrx_word' id='word_1_214' title='bbox 752 2050 939 2107; x_wconf 84' lang='lat' dir='ltr'>acerbae,</span> <span class='ocrx_word' id='word_1_215' title='bbox 955 2051 1004 2097; x_wconf 86' lang='lat'>&amp;</span> <span class='ocrx_word' id='word_1_216' title='bbox 1023 2049 1265 2096; x_wconf 85' lang='lat' dir='ltr'>immodice</span> <span class='ocrx_word' id='word_1_217' title='bbox 1287 2049 1441 2094; x_wconf 74' lang='lat' dir='ltr'>liberae</span> 
     </span>
     <span class='ocr_line' id='line_1_29' title="bbox 155 2121 1444 2185; baseline -0.002 -16"><span class='ocrx_word' id='word_1_218' title='bbox 155 2121 239 2169; x_wconf 88' lang='lat' dir='ltr'>fuit</span> <span class='ocrx_word' id='word_1_219' title='bbox 258 2140 268 2169; x_wconf 73' lang='grc' dir='ltr'>ε</span> <span class='ocrx_word' id='word_1_220' title='bbox 290 2122 361 2169; x_wconf 88' lang='lat' dir='ltr'>sed</span> <span class='ocrx_word' id='word_1_221' title='bbox 381 2123 538 2171; x_wconf 72' lang='lat' dir='ltr'>inviffi</span> <span class='ocrx_word' id='word_1_222' title='bbox 560 2140 584 2169; x_wconf 89' lang='lat' dir='ltr'>a</span> <span class='ocrx_word' id='word_1_223' title='bbox 606 2123 921 2185; x_wconf 81' lang='lat' dir='ltr'>cupiditatibus</span> <span class='ocrx_word' id='word_1_224' title='bbox 949 2123 1111 2180; x_wconf 87' lang='lat' dir='ltr'>animi,</span> <span class='ocrx_word' id='word_1_225' title='bbox 1134 2125 1180 2169; x_wconf 87' lang='lat'>&amp;</span> <span class='ocrx_word' id='word_1_226' title='bbox 1200 2122 1350 2185; x_wconf 78' lang='lat' dir='ltr'>rigidae</span> <span class='ocrx_word' id='word_1_227' title='bbox 1368 2121 1444 2167; x_wconf 66' lang='lat' dir='ltr'>in-</span> 
     </span>
     <span class='ocr_line' id='line_1_30' title="bbox 156 2195 1442 2259; baseline -0.002 -16"><span class='ocrx_word' id='word_1_228' title='bbox 156 2197 384 2243; x_wconf 79' lang='lat' dir='ltr'>nocentiae</span> <span class='ocrx_word' id='word_1_229' title='bbox 402 2215 417 2253; x_wconf 89' lang='lat'>;</span> <span class='ocrx_word' id='word_1_230' title='bbox 445 2209 703 2244; x_wconf 89' lang='lat' dir='ltr'>contemtor</span> <span class='ocrx_word' id='word_1_231' title='bbox 721 2197 874 2259; x_wconf 79' lang='lat' dir='ltr'>gratiae</span> <span class='ocrx_word' id='word_1_232' title='bbox 890 2233 904 2255; x_wconf 91' lang='lat'>‚</span> <span class='ocrx_word' id='word_1_233' title='bbox 924 2195 1199 2243; x_wconf 87' lang='lat' dir='ltr'>divitiarum.</span> <span class='ocrx_word' id='word_1_234' title='bbox 1232 2197 1279 2241; x_wconf 88' lang='lat' dir='ltr'>ln</span> <span class='ocrx_word' id='word_1_235' title='bbox 1303 2195 1442 2258; x_wconf 72' lang='lat' dir='ltr'>parsi-</span> 
     </span>
     <span class='ocr_line' id='line_1_31' title="bbox 156 2268 1445 2332; baseline -0.002 -16"><span class='ocrx_word' id='word_1_236' title='bbox 156 2270 339 2325; x_wconf 78' lang='lat' dir='ltr'>monia,</span> <span class='ocrx_word' id='word_1_237' title='bbox 361 2269 407 2315; x_wconf 88' lang='lat' dir='ltr'>in</span> <span class='ocrx_word' id='word_1_238' title='bbox 435 2270 649 2332; x_wconf 88' lang='lat' dir='ltr'>patientia</span> <span class='ocrx_word' id='word_1_239' title='bbox 676 2269 870 2327; x_wconf 86' lang='lat' dir='ltr'>laboris,</span> <span class='ocrx_word' id='word_1_240' title='bbox 894 2269 1114 2331; x_wconf 73' lang='lat' dir='ltr'>periculi,</span> <span class='ocrx_word' id='word_1_241' title='bbox 1138 2268 1269 2314; x_wconf 81' lang='lat' dir='ltr'>ferrei</span> <span class='ocrx_word' id='word_1_242' title='bbox 1300 2283 1445 2330; x_wconf 79' lang='lat' dir='ltr'>prope</span> 
     </span>
     <span class='ocr_line' id='line_1_32' title="bbox 156 2339 1446 2403; baseline -0.002 -15"><span class='ocrx_word' id='word_1_243' title='bbox 156 2341 364 2402; x_wconf 84' lang='lat' dir='ltr'>corporis</span> <span class='ocrx_word' id='word_1_244' title='bbox 384 2340 612 2403; x_wconf 85' lang='lat' dir='ltr'>animique</span> <span class='ocrx_word' id='word_1_245' title='bbox 630 2359 643 2395; x_wconf 92' lang='lat'>.·,</span> <span class='ocrx_word' id='word_1_246' title='bbox 663 2358 795 2403; x_wconf 82' lang='lat' dir='ltr'>quem</span> <span class='ocrx_word' id='word_1_247' title='bbox 814 2357 869 2387; x_wconf 89' lang='lat' dir='ltr'>ne</span> <span class='ocrx_word' id='word_1_248' title='bbox 899 2341 1094 2387; x_wconf 61' lang='lat' dir='ltr'>senestus</span> <span class='ocrx_word' id='word_1_249' title='bbox 1119 2339 1298 2403; x_wconf 80' lang='lat' dir='ltr'>quidem</span> <span class='ocrx_word' id='word_1_250' title='bbox 1312 2376 1326 2397; x_wconf 83' lang='lat'>,</span> <span class='ocrx_word' id='word_1_251' title='bbox 1344 2357 1446 2402; x_wconf 76' lang='lat' dir='ltr'>quae</span> 
     </span>
     <span class='ocr_line' id='line_1_33' title="bbox 158 2411 1448 2480; baseline -0.003 -16"><span class='ocrx_word' id='word_1_252' title='bbox 158 2413 303 2468; x_wconf 83' lang='lat' dir='ltr'>solvit</span> <span class='ocrx_word' id='word_1_253' title='bbox 327 2413 480 2463; x_wconf 88' lang='lat' dir='ltr'>omnia</span> <span class='ocrx_word' id='word_1_254' title='bbox 495 2450 510 2474; x_wconf 86' lang='lat'>‚</span> <span class='ocrx_word' id='word_1_255' title='bbox 531 2412 728 2480; x_wconf 77' lang='lat' dir='ltr'>fregerit.</span> <span class='ocrx_word' id='word_1_256' title='bbox 754 2414 849 2476; x_wconf 78' lang='lat' dir='ltr'>Qui</span> <span class='ocrx_word' id='word_1_257' title='bbox 869 2413 1040 2461; x_wconf 64' lang='lat' dir='ltr'>sextum</span> <span class='ocrx_word' id='word_1_258' title='bbox 1055 2414 1104 2460; x_wconf 61' lang='grc' dir='ltr'>ὅς</span> <span class='ocrx_word' id='word_1_259' title='bbox 1122 2411 1448 2476; x_wconf 61' lang='grc' dir='ltr'>οὲὶοὲςεῖιιῃυιη</span> 
     </span>
    </p>
   </div>
  </div>
 </body>
</html>
