1618 2715
260 130 806 182 HISTORIARUM
839 128 957 177 ΠΒ.
991 126 1254 174 XXXVIII.
1326 122 1415 192 233

133 243 322 293 'consule
358 242 478 289 bello
512 240 559 288 in
594 240 692 286 Asia
728 256 830 287 cum
867 235 1008 284 Gallis
1041 236 1240 299 perfe&o
1258 271 1274 293 ‚
1309 236 1420 282 alter

136 317 294 366 consul
326 317 388 362 M.
423 314 632 370 Fulvius,
656 311 918 376 perdomitis
948 309 1136 367 AEtolis,
1157 326 1259 357 cum
1289 308 1423 369 traje-

112 379 261 437 'ciss‘et
284 389 329 435 in
360 387 722 450 Cephalleniam,
745 387 861 435 circa
893 384 1096 432 civitates
1125 382 1276 429 ini'ulae
1307 381 1424 428 milit

136 472 479 524 percontatum,
511 471 661 505 utrum
691 460 731 506 se
763 459 925 505 dedere
958 457 1200 514 Romanis,
1229 474 1282 503 an
1316 455 1424 503 belli

137 534 370 580 fortunam
401 532 623 595 experiri,
642 530 854 579 mallent?
887 531 1034 576 Metus
1065 530 1119 576 ad
1149 546 1306 575 omnes
1340 545 1426 574 va·

138 609 253 667 luit,
284 625 340 654 ne
372 608 646 655 deditionem
689 605 952 653 recusarent.
995 605 1169 651 obfides
1200 603 1304 651 inde
1339 604 1426 650 im-

139 694 321 746 peratos
352 698 437 744 pro
465 681 637 727 viribus
663 679 813 741 inopis
843 678 1030 741 populi,
1055 678 1245 725 vicenos
1266 677 1428 723 Nesio-

138 767 225 813 tae,
247 756 430 811 Cranii,
456 753 654 800 Palenses
682 756 731 800 Sc
760 752 915 798 Samaei
941 752 1173 798 dederunt.
1206 750 1429 813 Insperata

138 845 230 891 pax
252 827 560 889 Cephalleniae
588 824 830 876 affulserat;
854 841 957 870 cum
986 835 1169 886 repente
1194 840 1282 869 una
1310 821 1431 868 civi-

139 912 231 957 tas,
252 900 473 948 incertum
495 917 628 963 quam
651 898 712 946 ob
734 898 929 955 causam,
951 896 1107 943 Samaei
1128 895 1430 943 desciverunt.

143 975 269 1035 Quia
290 986 556 1039 opportuno
586 974 694 1020 loco
720 974 824 1019 urbs
856 972 997 1034 posita
1024 971 1153 1028 effet,
1174 970 1366 1016 timuisse
1388 968 1431 1016 se

144 1050 347 1112 ajebant‚
380 1067 434 1097 ne
464 1048 708 1112 demigrare
736 1058 1006 1111 cogerentur
1029 1046 1083 1092 ab
1102 1044 1334 1090 Romanis.
1361 1059 1432 1090 ce-

143 1136 293 1171 terum
321 1123 460 1186 ipsine
491 1121 570 1170 fibi
601 1138 703 1168 eum
737 1119 950 1166 finxerint
969 1133 1136 1165 metum
1155 1154 1168 1174 ,
1199 1117 1435 1165 &timore
1464 1127 1467 1129 ’

140 1210 267 1242 vano
288 1195 482 1257 quietem
511 1195 745 1251 exuerint,
777 1210 831 1239 an
863 1191 1021 1254 jafilata
1054 1189 1333 1237 sermonibus
1363 1205 1436 1236 res

143 1268 262 1330 apud
289 1269 523 1316 Romanos
552 1269 718 1331 perlata
755 1268 810 1313 ad
845 1284 923 1313 eos
952 1267 1031 1323 fit,
1065 1265 1173 1311 nihil
1209 1261 1435 1327 comperti

142 1340 207 1387 est
226 1356 238 1385 ι
260 1340 339 1386 nisi
359 1341 513 1405 quod,
545 1341 657 1387 datis
685 1341 769 1402 jam
798 1340 1053 1396 obsidibus,
1074 1352 1256 1400 repente
1281 1349 1435 1399 portas

143 1414 422 1470 clauserunt3
443 1416 492 1462 δε
512 1431 567 1461 ne
593 1413 778 1460 suorum
796 1412 978 1475 quidem
999 1412 1205 1474 precibus
1225 1409 1435 1474 (miserat

144 1486 266 1533 enim
285 1485 362 1532 sub
383 1503 540 1533 muros
561 1485 717 1535 consul
733 1485 789 1531 ad
809 1484 1065 1530 tentandam
1081 1481 1435 1529 misericordiam

145 1574 381 1621 parentum
403 1558 806 1621 populariumque)
832 1556 1033 1603 desistere
1064 1555 1117 1601 ab
1140 1555 1324 1617 incepto
1343 1569 1435 1601 vo-

143 1631 339 1678 luerunt·
360 1628 631 1694 Oppiignari
661 1630 846 1688 deinde,
879 1629 1117 1691 postquam
1149 1627 1262 1674 nihil
1290 1621 1437 1690 pacati

145 1703 529 1765 respondebatur,
554 1715 706 1766 coepta
732 1703 838 1750 urbs
863 1701 937 1750 est.
969 1712 1230 1765 apparatum
1254 1717 1438 1747 omnem

144 1786 481 1821 tormentorum
505 1774 907 1837 machinarumque
927 1772 1228 1819 transveffiim
1252 1773 1305 1818 ab
1326 1775 1439 1817 Am-

145 1848 312 1898 braciae
344 1848 687 1912 oppugnatione
717 1847 939 1894 habebat:
971 1846 1021 1892 ὃς
1052 1861 1337 1908 opera‚quae
1372 1843 1439 1889 fa-

145 1922 306 1969 cienda
334 1933 488 1979 erant,
507 1922 696 1986 impigre
722 1921 883 1968 milites
908 1919 1205 1983 perfecerunt.
1258 1916 1440 1965 duobus

151 1992 290 2057 igitur
308 1993 423 2040 locis
442 1993 613 2040 admoti
634 1993 792 2039 arietes
818 1992 1078 2055 quatiebant
1097 2006 1266 2038 muros.

213 2068 391 2115 XXIX.
421 2068 517 2114 Nec
541 2067 596 2114 ab
615 2066 794 2113 Samaeis
814 2066 1057 2131 quidquam
1074 2102 1088 2126 ,
1116 2083 1209 2129 quo
1232 2077 1310 2112 aut
1330 2076 1443 2128 opea'

150 2158 225 2200 ra,
251 2153 325 2188 aut
354 2128 493 2188 hostis
517 2141 659 2188 arceri
677 2140 843 2204 posset,
867 2141 1201 2204 praetermissum
1224 2139 1300 2185 est.
1333 2139 1443 2184 dua-

151 2215 233 2262 bus
257 2226 407 2262 tamen
430 2214 626 2261 maxime
653 2214 909 2262 resistebant
931 2215 1062 2262 rebus
1081 2230 1091 2258 :
1112 2230 1200 2260 una
1217 2248 1232 2268 ,
1252 2212 1444 2258 interio-

153 2303 245 2332 rem
273 2287 443 2351 semper
474 2287 600 2350 juxta
629 2287 826 2334 validum
855 2304 940 2350 pro
968 2288 1120 2334 diruto
1152 2302 1330 2334 novum
1353 2283 1442 2330 ob-

152 2359 369 2407 struentes
385 2378 589 2418 murum3
610 2360 766 2419 altera,
786 2359 1101 2422 eruptionibus
1121 2356 1274 2405 subitis
1287 2392 1300 2415 ,
1321 2372 1443 2404 nune

153 2431 202 2480 in
223 2448 361 2498 opera
380 2433 575 2483 hostium
589 2470 604 2496 ,
625 2450 748 2482 nunc
769 2431 816 2480 in
840 2431 1068 2482 stationes.
1095 2433 1147 2481 &
1175 2431 1444 2496 plerumque
