1618 2715
179 117 263 162 172
521 98 1088 144 TITILIVII

169 206 249 254 suo
280 203 484 268 praefidio
509 204 663 269 (erant
687 216 835 250 autem
857 203 948 249 duo
970 203 1108 250 millia
1129 202 1331 251 virorum
1353 201 1450 251 for-

169 277 314 341 tium)
345 277 478 324 effuse
508 277 708 340 sequenti
742 276 834 339 regi
862 276 1020 323 acriter
1039 276 1209 323 restitit.
1246 278 1300 322 Et
1321 278 1450 323 Atta-

168 352 260 408 lus,
285 350 496 397 Eumenis
516 349 672 407 frater,
695 367 718 396 a
736 350 901 396 dextro
923 365 1065 395 cornu
1081 381 1094 403 ‚
1121 367 1144 395 a
1171 366 1262 414 quo
1282 349 1450 396 laevum

167 424 364 471 hostium
401 425 550 486 primo
590 422 760 485 impetu
794 422 993 485 fugatum
1024 420 1204 480 fuerat,
1233 434 1281 468 ut
1310 421 1364 467 ab
1393 421 1450 467 s1-

170 498 308 546 nistro
334 497 481 560 fugam
511 495 691 542 suorum
720 496 770 542 &
799 494 1044 541 tumultum
1068 493 1187 540 circa
1213 494 1352 541 castra
1373 493 1449 539 vi-

171 571 263 628 dit,
298 571 343 616 in
373 583 578 632 tempore
613 585 715 615 eum
759 567 962 615 ducentis
994 567 1220 629 equitibus
1253 568 1452 614 advenit,

169 641 451 699 Antiochus,
475 639 709 702 postquam
732 639 781 685 &
804 653 882 683 eos
897 669 911 692 ,
934 654 1130 699 quorum
1163 651 1282 701 terga
1309 638 1454 684 modo

169 714 346 761 viderat
361 750 376 769 ‚
390 725 640 775 repetentes
659 729 851 775 pugnam
864 747 877 769 ,
896 712 946 759 δέ
963 711 1095 757 aliam
1120 714 1168 759 δέ
1188 729 1212 757 a
1237 711 1386 759 castris
1403 713 1453 758 &t

169 805 225 834 ex
252 788 347 835 acie
365 788 618 834 affluentem
640 787 816 833 turbam
837 785 1096 848 conspexit,
1118 784 1162 830 in
1186 784 1330 848 fugam
1346 801 1454 830 ver-

172 862 224 908 tit
247 879 427 923 equum.
461 865 522 907 lta
545 874 739 922 utroque
768 875 914 906 cornu
939 859 1134 905 vifflores
1154 857 1350 904 Romani
1372 873 1453 919 per

171 951 363 989 acervos
402 951 648 997 corporum
688 933 833 997 (quos
870 932 917 978 in
954 931 1094 977 media
1130 930 1322 977 maxime
1357 929 1453 976 acie

171 1008 542 1066 cumulaverant,
582 1008 658 1053 ubi
695 1008 744 1053 &
772 1006 914 1052 robur
943 1003 1285 1049 fortiffimorum
1321 1002 1452 1048 viro-

171 1099 303 1140 rum,
332 1085 382 1130 &
411 1099 531 1129 arma
564 1081 781 1144 gravitate
817 1079 961 1143 fugam
994 1077 1316 1141 impedierant)
1348 1094 1453 1139 per-

171 1168 283 1215 gunt
311 1156 365 1201 ad
404 1156 542 1203 castra
579 1153 843 1216 diripienda.
882 1153 1052 1214 equites
1087 1152 1218 1213 primi
1250 1150 1455 1197 omnium

173 1228 412 1285 Eumenis,
429 1228 589 1275 deinde
609 1229 658 1273 δέ
673 1227 782 1273 alius
803 1226 1022 1287 equitatus
1043 1237 1144 1270 toto
1165 1223 1316 1284 paffim
1336 1239 1454 1269 cam-

171 1317 234 1362 po
268 1300 511 1362 sequuntur
539 1298 741 1355 hostem,
779 1299 828 1343 &
860 1295 1141 1358 postremos,
1172 1311 1220 1341 ut
1254 1294 1456 1358 quosque

173 1372 321 1432 adepti
354 1372 480 1430 sunt,
517 1371 711 1419 caedunt.
753 1370 966 1415 Ceterum
1003 1366 1273 1430 fugientibus
1311 1366 1458 1428 major

172 1445 330 1507 pestis,
357 1443 629 1491 intermixtis
648 1439 903 1505 quadrigis,
928 1438 1288 1502 elephantisque,
1314 1441 1363 1486 &
1385 1456 1456 1485 ca·

174 1518 302 1565 melis
339 1529 462 1573 erat,
496 1518 546 1564 &
580 1517 656 1563 sua
690 1515 888 1577 ipsorum
923 1515 1082 1558 turba:
1126 1529 1226 1559 cum
1245 1548 1261 1569 ‚
1303 1511 1458 1559 solutis

174 1590 440 1646 ordinibus,
467 1589 592 1636 velut
617 1589 728 1635 caeci
744 1588 871 1649 super
899 1585 1012 1632 alios
1039 1586 1114 1632 alii
1147 1602 1323 1633 ruentes
1343 1621 1356 1644 ,
1384 1586 1458 1632 in-

174 1662 305 1711 cursu
321 1662 570 1709 belluarum
593 1662 919 1708 obtererentur.
944 1662 991 1705 In
1014 1658 1163 1706 castris
1183 1676 1364 1722 quoque
1383 1660 1457 1705 in-

174 1753 304 1800 gens,
328 1739 376 1785 &
393 1737 536 1798 major
553 1753 695 1799 prope
714 1752 847 1799 quam
868 1734 914 1779 in
940 1732 1034 1779 acie
1049 1769 1062 1791 ,
1083 1733 1224 1779 caedes
1244 1733 1308 1780 est
1326 1734 1458 1781 edita..

176 1827 279 1857 nam
315 1810 365 1857 &
393 1809 645 1872 primorum
673 1807 779 1871 fuga
806 1808 852 1852 in
875 1805 1011 1853 castra
1042 1805 1237 1852 maxime
1264 1805 1458 1853 inclina-

178 1883 274 1938 vit;
311 1884 359 1931 &
380 1881 514 1943 hujus
534 1881 698 1929 fiducia
730 1879 1053 1935 multitudinis,
1083 1879 1163 1941 qui
1181 1878 1227 1925 in
1251 1878 1458 1941 praesidio

178 1967 333 2013 erant,
362 1954 633 2017 pertinacius
661 1971 745 2017 pro
764 1953 887 2002 vallo
914 1964 1183 2015 pugnarunt.
1216 1952 1378 1998 retenti
1411 1952 1459 1998 in

179 2027 324 2092 portis
349 2026 562 2091 valloque
581 2065 594 2085 ,
630 2045 731 2092 quae
752 2026 793 2073 se
811 2027 982 2088 impetu
1005 2024 1101 2087 ipso
1128 2036 1340 2086 capturos
1361 2041 1462 2071 cre-

180 2101 410 2158 diderant,
433 2101 630 2147 Romani
649 2137 662 2160 ,
682 2099 918 2162 postquam
941 2099 1117 2145 tandem
1141 2111 1462 2162 perruperunt,

179 2172 235 2218 ab
255 2171 319 2217 ira
340 2172 602 2234 graviorem
623 2171 856 2217 ediderunt
880 2170 1060 2216 caedem.

247 2244 410 2291 XLtV.
437 2244 504 2291 Ad
522 2243 842 2308 quinquaginta
866 2241 1005 2287 millia
1040 2239 1238 2303 peditum
1268 2238 1378 2286 caesa
1403 2255 1465 2286 eo

182 2313 254 2359 die
293 2314 538 2373 dicuntur,
571 2314 773 2378 equitum
803 2313 888 2359 tria
915 2312 1081 2367 millia;
1118 2310 1239 2356 mille
1270 2312 1319 2358 &
1347 2327 1462 2373 qua-

185 2385 407 2450 dringenti
436 2387 556 2453 capti
571 2424 586 2450 ,
621 2389 669 2436 ὅ(
692 2386 952 2452 quindecim
977 2402 1079 2435 cum
1101 2383 1348 2434 rectoribus
1375 2384 1465 2436 eleff
