1618 2715
144 117 238 149 220
504 103 1065 152 TITILIVII

139 214 229 259 ‘viro
247 214 543 273 congrediendo
556 247 569 269 ,
596 214 644 258 T.
663 215 882 269 Manlius,
902 216 965 259 M.
987 207 1204 272 Valerius,
1227 230 1425 275 quantum

143 285 356 330 Gallicam
377 288 529 331 rabiem
560 288 733 331 vinceret
768 288 966 331 Romana
999 290 1129 333 virtus
1148 321 1162 344 ,
1189 290 1426 335 docuerunt.

140 358 241 404 Jam
275 361 340 403 M.
372 361 568 404 Manlius
603 377 712 404 unus
745 363 910 421 agmine
931 360 1181 420 scandentes
1211 364 1257 406 in
1299 363 1433 421 Capi-⁸

140 432 287 474 tolium
323 432 474 476 Gallos
500 433 680 496 detrusit.
709 435 770 478 Et
793 434 878 477 illis
906 432 1137 490 majoribus
1163 435 1307 500 nostris
1335 451 1426 479 cum

140 505 258 549 haud
292 507 432 550 dubiis
470 507 614 551 Gallis
646 509 692 551 in
721 523 824 552 terra
837 508 927 567 fita
956 509 1107 567 genitis
1137 526 1195 553 res
1227 523 1324 554 erat.
1361 509 1431 553 Hi

136 576 230 632 jam
260 580 465 639 degeneres
487 579 595 636 fient
607 598 625 633 ,·
647 583 800 634 mixti,
826 578 869 625 δ’
902 581 1150 643 Gallograeci
1180 599 1295 639 vere,
1317 583 1431 642 quod

141 655 406 711 appellantur
419 669 436 696 .·
449 651 554 714 ficut
573 655 617 697 in
626 652 825 715 frugibus
839 689 854 709 ,
865 655 1167 716 pecudibusque
1182 691 1194 712 ,
1214 673 1299 700 non
1328 670 1429 699 tan·
1449 663 1455 668 “

141 739 231 768 tum
253 724 423 782 semina
453 728 513 769 ad
530 726 788 786 servandam
824 729 1004 772 indolem
1040 732 1206 784 valent,
1228 744 1429 788 quantum

142 811 251 841 terrae
273 802 507 858 proprietas
524 803 688 862 coelique
706 802 809 862 ‚fitb
838 818 916 861 quo
943 805 1137 859 aluntur,
1157 815 1302 846 mutat.
1325 802 1430 844 Ma-

141 872 336 927 cedones,
357 874 428 931 qui
460 876 775 919 Alexandriam
795 878 840 919 in
866 878 1079 936 AEgypm,
1102 877 1170 941 qui
1201 875 1429 919 Seleuciam

141 961 192 987 ac
224 945 512 1005 Babyloniam
531 982 545 1003 ‚
574 949 718 1007 quique
751 950 861 992 alias
883 948 1062 1008 sparsas
1088 966 1164 1007 per
1194 949 1326 992 orbem
1351 962 1433 990 ter-

142 1035 280 1062 rarum
307 1020 496 1065 colonias
521 1023 670 1066 habent
686 1057 699 1077 ‚
726 1024 770 1066 in
790 1026 948 1082 Syros,
971 1024 1175 1077 Parthos,
1200 1021 1432 1081 AEgyptios

143 1093 448 1152 degenerarunt.
470 1095 676 1158 Alaffilia,
694 1098 798 1140 inter
811 1097 962 1140 Gallos
966 1095 1073 1158 fita,
1088 1096 1222 1140 traxit
1237 1094 1434 1153 aliquan-

141 1180 230 1209 tum
268 1168 321 1211 ab
347 1170 499 1213 accolis
536 1171 786 1214 animorum.
812 1170 1050 1214 Tarentinis
1083 1170 1185 1229 quid
1212 1187 1265 1212 ex
1297 1170 1433 1226 Spar·-

142 1256 245 1284 tana
262 1275 275 1296 ‚
297 1244 402 1286 dura
430 1245 507 1288 illa
545 1241 587 1288 G·
615 1246 809 1302 horrida,
831 1244 1056 1303 disciplina
1084 1241 1270 1304 mansit?
1294 1241 1433 1296 Genef

144 1314 274 1377 rostus
299 1318 345 1360 in
368 1317 454 1376 sica
485 1318 691 1377 quidquid
712 1319 810 1377 sede
842 1318 1030 1378 gignitur
1040 1335 1059 1371 ;
1089 1314 1256 1379 insttttm
1288 1316 1434 1358 alienat

145 1403 278 1444 terrae,
301 1392 346 1434 in
373 1393 439 1444 id,
463 1410 542 1451 quo
563 1395 714 1447 alitur,
741 1409 891 1437 natura
923 1406 1093 1437 vertente
1113 1391 1188 1451 se,
1209 1392 1433 1450 degenerat.

143 1463 343 1522 Phrygas
373 1465 503 1524 igitur
533 1465 715 1509 Gallicis
750 1480 940 1509 oneratos
970 1466 1128 1517 armis,
1137 1462 1252 1526 ficut
1283 1462 1328 1504 in
1348 1461 1435 1503 acie

147 1538 352 1581 Antiochi
384 1538 581 1602 cecidistis
601 1573 613 1594 ‚
643 1537 770 1583 vic‘los
802 1537 971 1582 victores
1003 1537 1177 1580 caedetis.
1208 1533 1354 1592 Magis
1388 1532 1438 1575 id

145 1624 309 1662 vereor,
331 1627 381 1652 ne
404 1628 558 1668 parum
591 1612 686 1654 inde
711 1611 876 1670 gloria,
900 1626 1021 1668 quam
1054 1625 1103 1650 ne
1133 1606 1310 1650 nimium
1339 1604 1436 1648 belli

139 1678 211 1742 fit.
242 1684 417 1725 Attalus
439 1699 504 1726 eos
524 1683 718 1742 rexstepe
734 1681 858 1739 fudit
872 1680 1135 1742 fugavitque.
1168 1681 1309 1723 Nolite
1339 1679 1434 1722 exi-

133 1752 335 1818 stimare,
355 1754 512 1798 belluas
543 1770 703 1798 tantum
741 1771 872 1798 recens
905 1767 1049 1812 captas
1071 1749 1281 1809 feritatem
1314 1751 1434 1793 illam

135 1825 356 1889 filveflrem
370 1827 510 1885 primo
521 1828 687 1887 servare
709 1862 721 1882 ‚
742 1829 887 1871 deinde
902 1860 914 1882 ,
942 1844 1029 1870 cum
1050 1826 1123 1869 diu
1148 1823 1338 1867 manibus
1358 1824 1438 1866 ltu·-

150 1901 290 1944 manis
309 1903 503 1957 alantur,
525 1902 721 1959 mitescere
732 1918 749 1953 ;
769 1902 814 1945 in
835 1902 1047 1944 hominum
1062 1897 1230 1956 feritate
1254 1898 1438 1940 mulcen-

149 1975 208 2017 a'a
239 1991 325 2017 non
356 1975 523 2019 eandem
556 1990 749 2019 naturam
785 1972 872 2036 effe.
904 1974 1138 2033 Eosdemne
1171 1973 1243 2014 lzos
1273 1973 1438 2014 creditis

152 2045 226 2108 effe
244 2080 257 2100 ‚
281 2047 352 2106 qui
363 2062 502 2106 patres
530 2065 665 2092 eorum
693 2050 841 2108 avique
850 2047 1026 2105 fuerunt
1040 2048 1064 2091 ?
1095 2060 1273 2092 extorres
1292 2045 1439 2103 inopia

152 2138 346 2179 agrorum
363 2119 539 2179 proficii
565 2124 686 2166 domo
707 2140 784 2182 per
808 2122 1074 2182 asperrimam
1101 2121 1265 2180 Illyrici
1294 2136 1407 2163 oram
1419 2135 1440 2171 ;

153 2193 372 2237 Paeoniam
407 2196 503 2239 inde
531 2191 574 2240 G·
600 2196 848 2250 Thraciam,
863 2196 1095 2257 pugnando
1126 2210 1217 2238 cum
1238 2190 1439 2251 ferociffi-

155 2269 233 2310 mis
250 2269 434 2327 gentibus
451 2302 466 2326 ‚
484 2269 655 2333 emensi,
679 2271 755 2314 bas
774 2286 900 2316 terras
928 2284 1126 2329 ceperunt.
1158 2269 1352 2311 Duratos
1371 2282 1439 2309 eos

157 2352 217 2381 tot
251 2341 377 2382 malis
410 2340 747 2401 exasperatosque
778 2343 932 2401 accepit
959 2356 1090 2391 terra,
1111 2354 1195 2398 quae
1229 2338 1346 2396 copia
1374 2353 1437 2379 re-

155 2426 244 2453 rum
266 2413 451 2455 omnium
463 2412 694 2472 saginaret.
725 2416 923 2460 uberrimo
946 2429 1068 2473 agro,
1090 2407 1294 2470 mitiffimo
1313 2410 1441 2463 calo,
