1618 2715
254 105 797 153 HtsToRtARUM
832 106 959 152 Lm.
994 104 1216 153 xxxvi.
1316 116 1383 169 79·

90 212 193 258 ¹dam
212 212 450 259 amicitiam
471 211 584 274 regis
605 210 862 266 censerent3
888 210 1035 256 media
1054 210 1146 256 visa
1167 210 1228 257 est
1249 211 1383 275 Clyti

90 285 309 331 sententia
323 321 336 343 ‚
356 301 502 347 eoque
520 295 703 347 accepta
723 284 784 330 est
799 320 813 341 ‚
832 296 881 330 ut
901 284 956 329 ad
983 300 1131 346 regern
1153 283 1384 331 mitterent

91 358 295 421 legatos,
332 370 624 421 peterentque
658 358 712 404 ab
749 374 835 414 eo,
872 368 924 404 ut
955 356 1216 405 Medionios
1249 356 1384 420 super

93 444 218 478 tanta
244 447 290 476 re
318 431 571 478 consultare
594 431 641 476 in
667 430 868 477 concilio
896 431 1180 477 Acarnanum
1205 443 1384 493 patere·

91 518 179 552 tur.
219 509 267 552 ln
301 523 398 553 eam
431 506 698 570 legationem
738 504 1070 563 Mnesilochus,
1107 507 1156 553 &
1185 505 1262 569 qui
1290 504 1386 566 ejus

93 578 302 627 faffionis
333 592 490 637 erant,
514 580 568 626 de
593 578 806 625 industria
836 577 1029 638 conjecti
1047 613 1061 637 ,
1085 578 1199 625 clam
1222 578 1387 638 mistis,

93 655 171 716 qui
198 670 347 717 regem
370 655 616 700 admovere
637 652 792 716 copias
822 653 1027 714 juberent
1042 687 1056 708 ,
1078 652 1156 715 ipsi
1180 654 1387 701 terebant

95 741 284 790 tempus.
326 729 475 793 itaque
504 730 695 775 vixdum
729 729 780 775 iis
806 728 980 791 egreflis
1004 728 1153 792 legatis
1171 765 1186 787 ,
1215 730 1388 776 Antio-

97 802 208 848 chus
222 801 267 847 in
284 801 470 860 finibus,
483 819 594 848 mox
605 802 658 847 ad
674 814 825 864 portas
841 812 958 858 erat,
974 802 1022 848 ὅ(
1038 800 1388 862 trepidantibu3‚

97 872 176 935 qui
193 886 398 935 expertes
419 872 692 934 proditionis
715 872 920 930 fuerant,
937 872 1297 937 tumultuoseque
1318 873 1387 934 ju-

96 957 336 992 ventutem
365 946 419 991 ad
439 962 562 992 arma
580 945 879 1003 vocantibus,
905 947 960 991 ab
979 945 1126 1008 Clyto
1147 947 1196 992 &
1217 946 1388 993 Mnesi-

96 1016 237 1065 locho
258 1019 303 1064 in
324 1020 481 1065 urbem
504 1018 566 1065 est
586 1019 819 1066 inductus:
839 1022 887 1067 &
903 1057 917 1074 ,
938 1019 1033 1066 aliis
1054 1018 1124 1064 sua
1148 1020 1388 1068 voluntate

97 1093 404 1150 affluentibus,
424 1105 549 1139 metu
579 1093 723 1139 coacti
746 1091 906 1149 etiam,
938 1092 1014 1155 qui
1042 1092 1354 1139 dissentiebant
1372 1129 1390 1150 ‚

96 1166 153 1211 ad
176 1180 323 1227 regem
348 1177 680 1212 convenerunt.
719 1181 834 1228 quos
857 1163 1030 1226 placida
1062 1164 1269 1211 oratione
1296 1180 1391 1211 ter·-

98 1236 212 1282 ritos
237 1253 336 1283 cum
361 1237 677 1298 permulfiffet‚
700 1237 754 1283 ad
776 1236 894 1298 spem
921 1236 1115 1298 vulgatae
1139 1237 1391 1284 clementiae

95 1308 276 1370 aliquot
312 1309 471 1370 populi
508 1308 770 1355 Acarnaniae
802 1307 1074 1355 defecerunt.
1105 1308 1335 1372 Thyrium
1365 1327 1391 1356 a

100 1382 318 1427 Medione
345 1382 571 1445 profefhts
591 1381 675 1439 est,
708 1381 995 1427 Mnesilocho
1018 1381 1180 1426 eodem
1200 1384 1249 1428 &
1270 1382 1391 1445 lega-

102 1454 159 1500 tis
180 1454 422 1515 praemiffis.
451 1455 665 1500 Ceterum
687 1455 854 1499 detecta
888 1453 1103 1499 Medione
1133 1452 1252 1499 fmus
1283 1465 1395 1499 cau·->

103 1528 272 1584 tiores,
303 1543 397 1572 non
431 1527 709 1584 timidiores,
740 1526 1015 1590 Thyrienses
1050 1526 1181 1581 fecit.
1209 1529 1315 1573 dato
1351 1526 1393 1573 ei

102 1600 223 1647 haud
246 1600 462 1662 perplexo
489 1600 703 1662 responso
720 1636 734 1658 ‚
756 1600 927 1646 nullam
950 1599 990 1645 se
1010 1616 1180 1645 novam
1201 1599 1395 1646 societa-

103 1686 194 1719 tem
209 1710 221 1731 ‚
242 1673 322 1720 nifi
343 1690 399 1719 ex
422 1674 685 1721 auctoritate
705 1675 1020 1720 Romanorum
1040 1672 1361 1735 imperatorum
1375 1708 1391 1729 ‚

103 1760 367 1810 accepturos
387 1766 399 1794 t
436 1748 668 1812 portisque
712 1747 894 1805 clausis,
933 1759 1126 1792 armatos
1165 1747 1212 1791 in
1255 1747 1394 1793 muris

105 1821 428 1883 disposuerunt.
474 1823 529 1867 Et
573 1834 916 1885 peropportune
959 1821 1015 1866 ad
1055 1820 1393 1868 confirmandos

105 1896 388 1941 Acarnanum
423 1894 598 1940 animos
630 1896 714 1941 Cn.
749 1894 967 1940 OEtavius
999 1893 1150 1940 miffus
1182 1911 1205 1939 a
1236 1894 1393 1952 Quin-

105 1967 222 2024 itio,
244 1984 345 2013 cum
374 1967 623 2029 praesidium
645 1970 695 2015 δέ
719 1984 884 2029 paucas
914 1983 1052 2013 naves
1076 1967 1130 2013 ab
1153 1969 1204 2012 A.
1232 1966 1394 2013 Postu-

107 2039 232 2095 mio,
260 2038 338 2101 qui
370 2039 425 2084 ab
456 2039 598 2084 Atilio
630 2039 777 2102 legato
811 2038 1098 2101 Cephaleniae
1131 2038 1396 2101 praepositus

106 2111 252 2158 fuerat
270 2147 284 2170 ‚
322 2111 583 2173 accepisset,
614 2112 863 2158 Leucadem
900 2111 1055 2169 venit,
1095 2111 1396 2173 implevitque

108 2186 199 2248 spei
226 2185 403 2231 socios:
435 2187 513 2231 M’.
531 2185 723 2231 Acilium
753 2184 982 2232 consulem
1013 2184 1100 2246 jam
1126 2203 1226 2231 cum
1247 2185 1395 2248 legio·-

110 2260 241 2306 nibus
262 2276 381 2305 mare
402 2258 638 2319 trajecisse,
656 2260 768 2307 &in
789 2259 1010 2306 Theffalia
1029 2259 1166 2306 castra
1188 2259 1396 2306 Romana

111 2330 209 2376 effe.
235 2331 366 2376 Hunc
388 2346 619 2376 rumorem
643 2331 747 2393 quia
769 2332 952 2378 similem
977 2331 1074 2378 veri
1097 2344 1272 2392 tempus
1290 2331 1397 2379 anni

111 2415 334 2450 maturum
347 2402 444 2473 jam
470 2404 526 2451 ad
551 2403 857 2469 navigandum
875 2404 1090 2462 faciebat3
1118 2421 1222 2466 rex,
1245 2404 1400 2469 praest·⁴
