1618 2715
184 115 279 173 426
550 115 1108 162 T1T1L1v11

187 223 349 271 fultum
378 223 539 270 fac‘lum
575 222 637 268 est
655 258 669 280 ,
700 233 751 269 ut
782 221 990 268 consules
1018 222 1136 268 inter
1167 220 1208 268 se
1229 237 1468 284 compara-

186 308 315 355 rent,
332 308 431 342 uter
449 313 608 342 eorum
627 295 682 340 ad
708 293 892 341 comitia
908 294 1108 340 habenda
1133 293 1323 340 Romam
1345 294 1468 340 redi·-

187 380 268 417 ret.
318 371 438 415 Cum
473 366 699 413 absentem
740 365 960 411 Manlium
1003 365 1171 411 tribuni
1206 366 1380 428 plebi3‚
1413 368 1469 412 A.

185 442 387 489 Licinius
402 444 559 487 Nerva
589 442 639 487 &
665 440 718 486 C.
737 437 938 500 Papirius
959 437 1165 494 Turdus,
1194 438 1240 484 in
1274 438 1472 486 concio-

186 516 320 561 nibus
339 515 609 569 lacerarent,
633 511 1008 574 rogationemque
1030 510 1394 574 promulgarent,
1414 527 1472 557 ne

186 588 386 634 Manlius
403 587 503 649 post
518 586 619 632 Idus
635 584 819 631 Martias
839 583 1126 647 (prorogatae
1146 600 1337 646 namque
1359 601 1474 631 con-

188 658 356 706 sulibus
383 658 469 720 jam
490 657 537 704 in
561 673 731 704 annum
760 655 1015 718 provinciae
1039 653 1203 718 erant)
1233 655 1474 716 imperium

188 732 424 789 retineret,
455 731 520 778 uti
554 729 725 778 causam
752 728 985 792 extemplo
1016 729 1195 786 dicere,
1227 744 1328 774 cum
1359 727 1478 774 abis-

189 803 253 852 set
271 804 525 867 magistratu
538 840 552 862 ,
570 804 713 867 poffet
728 821 743 859 ;
760 803 866 850 huic
882 802 1116 866 rogationi
1138 803 1199 862 Q
1216 801 1358 848 AElius
1378 799 1479 848 col--⁴

189 878 289 941 lega
322 876 564 924 interceffit
583 912 598 935 ,
635 875 896 939 magnisque
937 872 1314 921 contentionibus
1353 871 1478 919 obti-

190 953 321 1008 nuit,
354 968 409 997 ne
441 950 733 1013 perferretur.
765 952 849 996 Per
868 964 947 996 eos
970 948 1062 995 dies
1085 948 1161 996 Ti.
1184 946 1478 1009 Sempronius

189 1025 494 1073 Gracchus&
512 1027 561 1072 L.
580 1023 833 1071 Postumius
853 1022 1042 1069 Albinus
1072 1037 1127 1067 ex
1149 1018 1361 1082 Hispania
1381 1021 1479 1065 Ro-

191 1117 309 1147 mam
330 1116 436 1146 cum
455 1099 760 1155 revertiffent,
782 1098 954 1145 senatus
970 1095 1023 1142 iis
1040 1113 1065 1141 a
1083 1096 1146 1140 M.
1165 1092 1341 1141 Titinio
1362 1104 1481 1156 prae⁴

191 1184 295 1218 tore
319 1171 447 1218 datus
472 1171 519 1217 in
548 1171 642 1216 aede
666 1169 865 1216 Bellonae
886 1167 940 1213 ad
960 1164 1225 1212 differendas
1253 1178 1350 1221 res,
1370 1178 1481 1225 quas

191 1244 411 1309 geffiffent
426 1279 438 1300 ‚
456 1242 841 1306 postulandosque
857 1241 1058 1289 honores
1077 1237 1287 1299 meritos,
1306 1249 1358 1284 ut
1378 1237 1484 1305 Diis

192 1315 528 1363 immortalibus
550 1316 788 1363 haberetur
810 1315 976 1361 honos.
1005 1312 1181 1358 Eodem
1206 1324 1410 1371 tempore
1431 1312 1484 1358 &

192 1388 243 1435 :in
264 1388 463 1435 Sardinia
482 1405 694 1452 magnum
711 1386 955 1434 tumultum
974 1385 1059 1432 effe
1073 1420 1088 1441 ,
1118 1383 1256 1430 literis
1272 1385 1328 1430 T.
1346 1384 1487 1430 AEbu-

194 1461 247 1508 tii
277 1461 483 1524 praetoris
515 1460 756 1525 cognitum
787 1460 880 1518 est,
916 1476 1026 1522 quas
1057 1457 1176 1503 filius
1205 1455 1299 1517 ejus
1328 1456 1386 1502 ad
1418 1455 1486 1502 se-

196 1548 351 1582 natum
368 1535 591 1583 attulerat.
612 1534 790 1581 Ilienses
803 1570 817 1590 ,
838 1532 1055 1595 adjunctis
1072 1531 1336 1577 Balarorum
1357 1530 1488 1578 auxi-

195 1608 299 1665 liis,
334 1621 533 1670 pacatam
568 1606 863 1670 provinciam
894 1603 1183 1652 invaserant:
1213 1620 1298 1651 nec
1323 1604 1387 1650 eis
1414 1603 1489 1650 in-

198 1680 355 1730 valido
374 1680 606 1737 exercitu,
636 1680 686 1726 &
713 1696 874 1742 magna
895 1690 1018 1741 parte
1039 1675 1287 1739 pestilentia
1310 1676 1490 1723 absum-

199 1766 276 1810 το,
297 1753 434 1800 resisti
462 1764 656 1815 poterat.
690 1752 856 1799 Eadem
882 1753 931 1799 ὅ(
953 1750 1197 1796 Sardorum
1216 1747 1349 1811 legati
1368 1764 1492 1794 nun-

200 1826 396 1882 tiabant3
415 1839 620 1881 orantes,
635 1838 684 1871 ut
701 1824 890 1871 urbibus
909 1822 1058 1869 saltem
1082 1820 1198 1881 (jam
1218 1820 1338 1867 enim
1359 1836 1494 1882 agros

203 1900 466 1962 deploratos
486 1898 602 1963 esse)
634 1915 771 1962 opem
796 1897 969 1945 senatus
988 1896 1140 1943 ferret.
1173 1897 1283 1943 Haec
1300 1894 1494 1957 legatio,

203 1986 445 2037 totumque
476 1974 602 2037 quod
633 1973 690 2021 ad
717 1972 966 2019 Sardiniam
1002 1969 1286 2034 pertinebat,
1319 1969 1374 2016 ad
1405 1985 1497 2015 no-

205 2065 296 2094 vos
329 2047 613 2111 magistratus
638 2045 853 2108 rejectum
884 2044 959 2091 est.
991 2045 1136 2106 AEque
1154 2040 1413 2088 miserabilis
1434 2041 1498 2087 le-

207 2123 330 2187 gatio
346 2122 597 2186 Lyciorum
609 2159 622 2177 ,
638 2120 718 2184 qui
740 2119 1051 2168 crudelitatem
1067 2115 1355 2164 Rhodiorum
1367 2152 1380 2175 ,
1397 2115 1501 2180 qui-

207 2199 292 2244 bus
322 2196 377 2243 ab
398 2198 450 2243 L.
469 2194 692 2242 Cornelio
719 2192 935 2255 Scipione
963 2189 1169 2237 attributi
1198 2205 1351 2247 erant,
1386 2204 1502 2250 que-

208 2271 425 2317 rebantur
446 2287 456 2315 :
495 2267 630 2332 Fuzffe
649 2269 735 2329 sub
767 2268 926 2312 ditione
949 2265 1188 2311 Antiochi:
1221 2281 1310 2308 eam
1344 2263 1500 2322 regiam

200 2347 441 2405 finitatem
455 2374 470 2400 ,
501 2347 696 2388 collatam
715 2358 805 2386 cum
822 2340 1018 2400 praesenti
1025 2338 1142 2402 statu
1155 2338 1421 2397 ,praeclaram
1441 2336 1504 2378 li-

215 2420 405 2464 bertatem
434 2418 586 2480 visam.
617 2434 703 2462 non
724 2416 893 2477 publico
914 2410 1138 2471 tantumse
1159 2410 1291 2471 premi
1309 2408 1502 2468 imperio,
