1618 2715
186 105 286 154 ιω
543 95 1106 145 T1T1L1V11

191 198 240 246 in
260 199 468 249 stationes
483 238 495 260 ‚
527 203 649 249 ultro
672 215 890 250 terrorem
910 203 1176 251 inferebant.
1211 204 1259 251 In
1281 204 1372 252 hoc
1391 203 1478 252 sta-

191 284 243 318 tu
272 289 340 319 res
366 274 419 320 ad
439 275 723 323 Ambraciam
758 294 858 323 cum
880 278 1042 336 essent,
1070 277 1159 339 jam
1180 278 1321 325 AEtoli
1347 297 1370 327 a
1391 295 1481 341 po-

191 345 424 408 pulatione
445 348 706 396 Acarnaniae
719 350 912 395 Stratum
931 350 1167 398 redierant.
1192 351 1294 398 inde
1311 351 1482 398 Nican-

191 417 271 463 der
290 430 480 480 praetor,
503 421 622 483 spem
643 422 795 470 nastus
817 421 1049 469 solvendae
1067 422 1251 485 incepto
1271 422 1380 470 forti
1399 423 1482 470 ob·

193 488 406 548 fidionis,
435 491 739 539 Nicodamum
765 493 987 556 quendam
1019 510 1120 540 cum
1150 493 1315 542 AEtolis
1347 494 1483 558 quin-

190 562 336 625 gentis
357 564 643 612 Ambraciam
676 565 954 613 intromittit.
986 567 1165 613 no&em
1187 579 1353 614 certam
1373 579 1484 614 tem-

192 635 361 699 pusque
390 637 525 684 etiam
558 637 702 686 noffis
734 637 1001 695 constituit,
1034 657 1129 703 quo
1157 642 1206 689 &
1240 641 1305 687 illi
1331 640 1385 687 ab
1410 658 1485 687 ur-

193 710 250 755 be
270 726 409 771 opera
429 709 622 757 hostium
643 747 656 768 ‚
682 729 785 774 quae
814 711 1029 758 adversus
1054 713 1308 777 Pyrrheum
1335 726 1485 773 erant,

194 780 540 843 aggrederentur
557 817 571 839 ,
598 781 648 829 &
671 781 762 844 ipse
795 782 850 829 ad
878 782 1014 830 castra
1035 785 1242 831 Romana
1265 796 1486 833 terrorem

195 853 391 912 faceret3
421 855 543 917 poffe
564 868 683 904 ratus
701 892 715 915 ‚
741 855 928 918 ancipiti
956 857 1153 904 tumultu
1183 860 1232 906 δε
1257 859 1389 905 nocie
1406 875 1484 906 au-

194 937 330 988 gente
361 943 614 988 pavorem,
641 927 980 974 memorabilem
1017 945 1113 975 rem
1159 928 1266 993 geri.
1308 932 1363 975 Et
1400 927 1488 976 Ni-

197 999 413 1046 codamus
439 998 702 1062 intempesta
731 1001 886 1058 nocie,
905 1018 1006 1048 cum
1037 1001 1142 1048 alias
1176 1002 1403 1049 custodias
1421 1002 1489 1049 fe·-

196 1072 398 1132 felliffet,
418 1091 499 1137 per
520 1074 626 1121 alias
648 1073 818 1137 impetu
849 1074 1072 1122 constanti
1097 1075 1329 1138 erupisset,
1356 1075 1487 1138 supe-

197 1158 298 1194 rato
323 1147 509 1195 brachio
528 1147 575 1194 in
597 1147 752 1203 urbem
775 1160 1005 1210 penetrat;
1033 1147 1260 1212 animique
1286 1149 1488 1212 aliquan-

198 1234 295 1266 tum
324 1221 379 1268 ad
399 1221 552 1268 omnia
578 1221 779 1268 audenda
800 1223 850 1269 δε
875 1220 965 1284 spei
990 1221 1169 1269 obseffis
1201 1221 1389 1283 adjecit3
1410 1224 1488 1278 &‚

198 1293 328 1341 fimul
354 1294 593 1342 constituta
625 1311 720 1341 nox
744 1294 903 1353 venit,
927 1311 984 1343 ex
1019 1295 1275 1358 compofito
1303 1302 1489 1357 repente

201 1384 342 1431 opera
366 1368 426 1415 est
444 1368 680 1433 aggressus.
717 1368 765 1414 ld
787 1367 1017 1431 inceptum
1044 1381 1246 1427 conatu,
1272 1385 1405 1432 quam
1427 1366 1492 1414 ef-

198 1441 344 1498 seem,
374 1442 554 1506 gravius
587 1441 701 1500 fuit,
731 1442 834 1506 quia
864 1442 986 1489 nulla
1023 1443 1078 1491 ab
1112 1441 1337 1489 exteriore
1366 1453 1492 1504 parte

201 1513 272 1560 vis
305 1514 487 1562 admota
511 1514 602 1570 est3
631 1513 705 1560 seu
735 1527 860 1562 metu
892 1515 1108 1563 deterrito
1146 1526 1339 1578 praetore
1361 1514 1492 1560 AEto-

199 1588 382 1646 lorum,
424 1587 498 1634 seu
540 1587 642 1651 quia
676 1586 831 1650 potius
871 1588 1016 1636 visum
1050 1587 1144 1646 est,
1179 1586 1491 1649 Amphilochis

200 1676 339 1722 opem
375 1659 490 1707 ferre
519 1677 663 1723 nuper
697 1659 1054 1724 recepti33'quos
1090 1660 1270 1707 Perseus
1297 1659 1492 1723 Philippi

202 1732 349 1792 filius,
381 1733 531 1781 miffus
562 1735 617 1781 ad
649 1734 903 1797 Dolopiam
932 1734 1356 1800 Amphilochosque
1382 1734 1494 1782 reci·

202 1806 420 1870 piendos,
449 1806 616 1853 summa
638 1807 688 1854 vi
708 1809 1014 1871 oppugnabat.

269 1882 345 1926 VI.
379 1879 543 1927 Tribus
569 1880 718 1938 locis,
749 1881 858 1928 ficut
877 1893 979 1928 ante
998 1882 1163 1929 dicium
1189 1881 1277 1941 est,
1300 1880 1356 1928 ad
1374 1882 1495 1946 Pyr-

200 1953 367 2000 rheum
404 1969 541 2016 opera
574 1955 781 2000 Romana
817 1967 973 2002 erant:
1010 1972 1110 2017 quae
1144 1954 1296 2001 omnia
1335 1953 1497 2014 fimul,

206 2025 281 2073 sed
302 2042 385 2072 nec
406 2038 645 2088 apparatu,
673 2043 754 2073 nec
778 2026 827 2073 vi
849 2026 1002 2085 simili,
1019 2027 1162 2073 AEtoli
1180 2027 1359 2091 aggreffi
1381 2025 1496 2074 sunt.

206 2097 283 2144 alii
306 2115 407 2145 cum
426 2099 686 2145 ardentibus
707 2098 906 2158 facibus,
940 2100 1014 2146 alii
1034 2100 1237 2163 stuppam
1260 2099 1495 2162 picemque

207 2173 259 2219 ὅ(
279 2171 514 2219 malleolos
539 2171 729 2219 ferentes
743 2205 756 2228 ,
777 2183 871 2220 tota
891 2172 1147 2219 collucente
1168 2171 1354 2218 flammis
1372 2171 1495 2229 acie,

210 2246 449 2292 advenere.
481 2246 652 2292 multos
679 2245 829 2309 primo
848 2246 1021 2308 impetu
1042 2245 1245 2292 custodes
1265 2244 1497 2307 oppresse·-

211 2331 329 2366 runt.
354 2319 515 2366 deinde
530 2355 543 2378 ‚
572 2320 808 2384 postquam
839 2320 1008 2367 clamor
1026 2318 1328 2383 tumultusque
1348 2317 1394 2364 in
1416 2334 1492 2364 ca-

210 2391 294 2440 stra
311 2392 371 2440 est
396 2393 620 2457 perlatus,
644 2393 889 2457 datumque
908 2410 933 2442 a
955 2391 1140 2442 consule
1160 2390 1355 2456 fignum,
1377 2407 1498 2439 arma
