1618 2715
289 126 994 207 HISTORIARUMJLIB.
1029 127 1249 176 XXXVI.
1320 143 1407 194 115

125 234 427 299 struentesque
465 233 506 280 se
543 234 599 281 ad
630 224 1081 292 navalecertamen,
1115 233 1263 281 rediit.
1300 236 1411 283 Inde

128 323 309 358 centum
336 308 662 372 quinquagima
683 307 808 354 tectis
830 307 1051 366 navibus,
1078 306 1240 369 apertis
1273 306 1413 355 ferme

127 385 480 449 quinquaginta,
505 382 693 445 profecti
710 418 724 440 ,
751 381 924 444 primo,
953 381 1241 444 aquilonibus
1268 382 1413 428 trans-

128 457 264 505 verfis
293 474 396 504 cum
417 468 679 519 urgerentur
700 455 746 501 in
769 467 925 501 terram
941 489 954 511 ,
984 454 1260 517 cogebantur
1285 452 1413 501 tenui

127 531 304 594 agmine
334 547 477 593 prope
499 530 545 575 in
572 528 779 576 ordinem
811 527 990 591 singulae
1012 543 1150 574 naves
1173 525 1264 582 ire;
1285 526 1416 573 deind

129 604 213 661 de,
246 615 296 650 ut
328 603 461 649 lenita
489 601 671 665 paulum
705 600 776 647 vis
806 600 932 646 venti
958 599 1052 658 est,
1083 599 1138 646 ad
1175 600 1414 663 Corycum

129 687 343 739 portum,
379 675 458 739 qui
505 675 634 738 super
670 673 938 738 Cyffuntem
983 672 1076 731 est,
1118 670 1269 721 conati
1314 671 1415 720 sunt

130 748 348 810 trajicere.

138 851 142 854 ·
196 824 357 869 XLIV.
377 818 683 883 Polyxenidas
699 855 711 874 ‚
735 829 783 865 ut
802 815 1162 880 appropinquare
1181 814 1330 862 hostes
1348 814 1416 861 al-

132 893 274 940 latum
295 893 357 939 est
371 928 383 950 ,
406 891 645 938 occasione
667 888 895 953 pugnandi
916 889 1070 946 laetus,
1088 886 1305 946 {histrum
1325 887 1418 950 ipse

133 985 279 1016 cornu
309 968 357 1013 in
378 966 515 1012 altum
537 964 758 1019 extendit,
792 965 997 1010 dextrum
1018 978 1163 1010 cornu
1182 961 1418 1024 praefe&os

132 1041 322 1088 navium
343 1039 398 1086 ad
422 1050 581 1085 terram
612 1037 837 1100 explicare
855 1036 1007 1098 jubet,
1038 1037 1086 1083 &
1113 1053 1238 1098 aequa
1265 1035 1418 1083 fronte

133 1113 189 1159 ad
213 1129 405 1175 pugnam
435 1110 723 1173 procedebat.
753 1110 896 1170 Quod
915 1109 994 1156 ubi
1015 1108 1131 1156 vidit
1157 1109 1419 1166 Romanus,

132 1186 234 1234 vela
255 1184 481 1232 contrahit
494 1199 514 1240 ,·
531 1183 763 1247 malosque
787 1182 1003 1239 inclinat,
1026 1183 1075 1230 &
1089 1218 1101 1239 ,
1129 1181 1255 1227 fimul
1274 1200 1419 1229 arma-

133 1271 282 1306 menta
320 1273 632 1320 componens,
672 1255 904 1318 opperitur
948 1253 1229 1318 insequentes
1265 1272 1420 1303 naves.

132 1334 226 1381 Jam
250 1331 389 1379 ferme
411 1330 588 1394 triginta
610 1329 656 1375 in
678 1329 829 1376 fronte
849 1340 1001 1386 erant,
1022 1327 1185 1391 quibus
1204 1339 1253 1374 ut
1275 1346 1420 1392 aequa-

135 1418 204 1452 ret
234 1405 398 1451 laevum
433 1420 610 1460 cornu,
633 1401 880 1448 dolonibus
915 1399 1069 1446 erectis
1102 1399 1238 1446 altum
1270 1413 1420 1462 petere

137 1477 368 1525 intendit:
403 1475 554 1537 justis,
591 1474 671 1536 qui
708 1473 1031 1535 sequebantur,
1068 1471 1273 1518 adversus
1307 1472 1422 1519 dex-

137 1561 256 1595 trum
277 1565 419 1595 cornu
441 1562 582 1609 prope
609 1558 771 1592 terram
792 1561 948 1608 proras
968 1543 1171 1606 dirigere.
1199 1546 1420 1592 Eumenes

138 1639 296 1686 agmen
328 1622 530 1684 cogebat.
563 1630 785 1675 ceterum,
806 1629 853 1663 ut
881 1617 1110 1663 demendis
1137 1619 1422 1664 armamentis

139 1695 402 1743 tumultuari
434 1693 628 1756 primum
669 1704 872 1753 coeptum
909 1689 994 1748 est,
1027 1690 1078 1737 &
1110 1689 1221 1752 ipse,
1255 1703 1422 1754 quanta

139 1769 333 1818 maxima
355 1768 579 1816 celeritate
596 1765 775 1830 potest,
794 1764 994 1812 concitat
1021 1780 1171 1810 naves.
1204 1760 1423 1812 Ja'nsbm-

142 1844 274 1890 nibus
293 1843 338 1888 in
368 1841 608 1903 conspectu
630 1852 785 1887 erant:
809 1840 907 1886 duae
929 1838 1108 1885 Punicae
1129 1853 1267 1885 naves
1295 1852 1424 1886 ante-

139 1919 356 1965 cedebant
375 1919 626 1964 Romanam
647 1913 845 1973 claffem,
868 1913 1028 1977 quibus
1047 1913 1197 1961 obviae
1214 1924 1301 1958 tres
1323 1912 1425 1959 fue-

143 2004 247 2038 runt
280 1991 412 2055 regiae
448 2007 598 2037 naves.
632 1992 681 2037 &
711 2002 759 2035 ut
793 1988 839 2034 in
871 2003 1061 2033 numero
1097 1986 1288 2049 impari,
1323 1989 1426 2035 duae

143 2064 276 2127 regiae
303 2081 435 2110 unam
462 2062 820 2109 circumsistunt:
844 2062 893 2108 &
923 2060 1113 2123 primum
1149 2060 1202 2105 ab
1231 2072 1426 2123 utroque

143 2137 278 2184 latere
306 2153 454 2182 remos
477 2136 741 2198 detergunt:
764 2134 921 2181 deinde
941 2133 1262 2181 transcendunt
1282 2151 1428 2180 arma-

145 2210 208 2265 ti,
241 2211 313 2267 &,
349 2208 528 2269 deiectis
562 2208 766 2270 caefisque
796 2206 1232 2271 propugnatoribus,
1263 2224 1428 2255 navem

146 2283 345 2344 capiunt.
386 2286 507 2339 Una,
549 2298 648 2344 quae
686 2283 888 2344 compari
925 2283 1069 2327 Marte
1106 2292 1428 2340 concurrerat,

146 2357 381 2419 postquam
413 2366 585 2418 captam
609 2354 787 2401 alteram
820 2370 982 2400 navem
1015 2353 1150 2408 vidit,
1174 2353 1429 2417 priusquam

147 2444 173 2473 a
191 2427 328 2475 tribus
348 2428 476 2476 simul
498 2426 930 2486 circumveniretur,
949 2440 1069 2473 retro
1096 2426 1150 2472 ad
1172 2426 1345 2475 claffem
1363 2443 1431 2479 re<

1070 2498 1113 2543 H
1152 2513 1192 2543 7.Ἰ
