1618 2715
194 127 288 171 ,μω
543 110 1110 159 TITILIVM

194 222 402 282 princeps
433 219 600 266 eleclus
627 219 688 265 est
718 218 808 281 ipse
844 218 1003 265 censor
1029 221 1092 266 M.
1113 217 1320 266 AEmilius
1344 217 1478 279 Lepi·-

191 292 275 338 dus
313 291 519 354 pontifex
556 291 809 338 maximus:
850 303 940 337 tres
965 290 1090 352 ejeffi
1124 292 1177 338 de
1202 291 1368 338 senatu.
1404 307 1479 336 re·-

191 362 325 410 tinuit
359 362 573 425 quosdam
596 363 788 425 Lepidus
815 381 839 409 a
861 362 1034 425 collega
1056 363 1322 425 praeteritos.
1353 364 1479 424 Ope-

192 453 240 483 ra
261 453 315 482 ex
337 435 527 497 pecunia
551 436 763 482 attributa
785 434 1020 498 divisaque
1041 436 1157 482 inter
1177 436 1219 483 se
1249 436 1345 483 haec
1366 452 1480 482 con-

193 507 411 554 fecerunt.
456 506 651 568 Lepidus
680 506 850 553 molem
886 507 941 551 ad
973 506 1291 564 Tarracinam,
1325 507 1490 569 ingra-

194 591 292 626 tum
316 595 459 641 opus,
493 580 619 642 quod
651 579 818 642 praedia
844 579 1035 625 habebat
1054 578 1140 637 ibi,
1171 578 1489 642 privatamque

194 651 392 716 publicae
427 652 492 698 rei
527 652 774 715 impensam
808 652 1097 715 imposuerat.
1145 653 1395 699 Theatrum
1432 653 1485 699 δε

194 725 485 789 proscenium
521 726 575 771 ad
603 725 860 789 Apollinis,
885 725 1025 771 aedem
1058 724 1186 772 Jovis
1215 724 1262 770 in
1292 723 1492 785 Capito-

194 797 289 855 lio,
310 798 635 861 columnasque
665 798 783 845 circa
814 797 1046 860 poliendas
1076 797 1182 843 albo
1212 795 1410 844 locavit:
1435 797 1495 842 ὃς

194 872 252 918 ab
286 872 356 918 his
386 872 641 930 columnis,
668 888 769 935 quae
804 870 1100 917 incommode
1125 870 1333 933 opposita
1361 869 1494 917 vide-⁷

193 945 383 1002 bantur,
415 946 534 1008 signa
562 944 768 992 amovit:
789 943 1043 1007 clypeaque
1073 943 1127 990 de
1158 942 1385 989 columnis
1404 977 1418 1000 ,
1437 942 1490 988 &3

195 1018 316 1082 figna
343 1018 555 1065 militaria
579 1019 714 1065 affixa
744 1018 894 1063 omnis
914 1016 1088 1080 generis
1109 1015 1279 1063 demfit.
1300 1018 1363 1062 M.
1383 1014 1491 1062 Ful-

194 1092 299 1138 vius
325 1092 454 1154 plura
484 1094 534 1139 &
556 1089 742 1152 majoris
773 1090 951 1136 locavit
976 1089 1075 1135 usus
1093 1107 1107 1135 :-
1135 1080 1321 1151 portum
1350 1089 1400 1135 &
1420 1086 1492 1149 pi-

195 1166 259 1212 l-as
292 1166 448 1229 pontis
477 1167 525 1213 in
558 1165 789 1221 Tiberim3
823 1165 987 1226 quibus
1018 1164 1120 1226 pilis
1154 1163 1352 1210 fornices
1388 1160 1492 1224 post

196 1238 375 1300 aliquot
410 1255 555 1285 annos
577 1241 622 1285 P:
643 1237 798 1298 Scipio
831 1236 1070 1284 Africanus
1095 1238 1144 1282 &
1176 1238 1225 1282 L.
1247 1234 1501 1281 Mummius

198 1311 409 1358 censores
426 1312 698 1358 locaverunt
718 1308 1041 1371 imponendos.
1063 1307 1290 1363 basilicam
1308 1306 1408 1369 post
1423 1302 1499 1353 ara

196 1383 419 1447 gentarias
451 1400 600 1430 novas
623 1385 672 1431 &
698 1381 852 1428 forum
881 1379 1171 1443 piscatorium
1192 1415 1206 1437 ,
1240 1378 1503 1426 circumdas

196 1457 255 1504 tis
275 1456 502 1512 tabernis,
524 1473 633 1519 quas
652 1455 862 1503 vendidit
881 1455 928 1500 in
949 1453 1205 1517 privatum3
1239 1453 1289 1500 &
1311 1452 1460 1498 forum
1478 1488 1504 1510 ,ἱ

198 1530 249 1577 &
282 1529 512 1590 porticum
540 1542 669 1576 extra
698 1543 880 1590 portam
908 1525 1245 1590 Trigeminam,
1277 1526 1327 1572 &
1360 1524 1495 1571 aliam

199 1601 301 1664 post
336 1602 541 1657 navalia,
574 1604 624 1650 δε
654 1603 710 1648 ad
733 1601 889 1648 fanum
911 1601 1150 1654 Herculis,
1182 1601 1233 1646 &
1263 1599 1362 1662 post
1391 1598 1494 1660 Spei

200 1676 256 1721 ad
274 1675 480 1722 Tiberim
504 1676 646 1721 aeclem
675 1674 906 1737 Apollinis
926 1673 1111 1720 Medici.
1145 1673 1351 1718 Habuere
1376 1673 1426 1717 &
1446 1671 1497 1716 in·

201 1747 467 1809 promiscuo
497 1760 711 1810 praeterea
744 1746 998 1809 pecuniam.
1030 1763 1086 1792 ex
1116 1762 1166 1791 ea
1189 1743 1506 1791 communiter

203 1819 414 1866 locarunt
444 1836 617 1882 aquam
636 1818 945 1865 adducendam
963 1854 977 1876 ,
1003 1816 1291 1879 fornicesque
1324 1814 1496 1861 facien-

202 1892 299 1941 dos.
331 1892 661 1955 Impedimento
694 1892 825 1954 operi
858 1890 944 1937 fuit
975 1893 1034 1936 M.
1056 1889 1257 1936 Licinius
1289 1887 1497 1944 Craffus,

202 1965 281 2028 qui
315 1982 394 2028 per
421 1964 613 2011 fundum
644 1963 771 2010 suurn
794 1962 900 2010 duci
927 1979 1025 2009 non
1050 1962 1111 2008 est
1134 1961 1293 2024 paffus.
1329 1962 1498 2007 Porto-

202 2040 270 2086 ria
301 2057 486 2103 quoque
522 2042 571 2087 &
603 2036 836 2102 veffigalia
859 2037 996 2082 iidem
1021 2035 1161 2081 multa
1194 2033 1498 2081 instituerunt.

203 2111 442 2174 complura
474 2111 629 2159 sacella
656 2111 865 2173 publica,
895 2126 997 2172 quae
1025 2107 1203 2154 fuerant
1227 2119 1444 2169 occupata
1473 2122 1498 2152 a

204 2186 421 2250 privatis,
456 2186 637 2249 publica
665 2184 876 2247 sacraque
910 2196 962 2229 ut
996 2181 1163 2238 effent,
1205 2190 1497 2243 paterentque

204 2259 407 2325 populo,
430 2271 658 2307 curarunt.
690 2261 927 2305 Mutarunt
956 2255 1159 2319 fuffragia
1178 2272 1188 2301 ε
1210 2250 1500 2316 regionatim-

206 2349 293 2395 que
326 2332 566 2396 generibus
595 2332 834 2378 hominum
850 2367 874 2391 ,.
887 2328 1110 2393 caufisque
1128 2363 1144 2387 ,
1165 2329 1213 2375 &
1231 2324 1504 2390 quaestibus,

207 2406 357 2456 tribus.
374 2406 718 2472 desei-ipserum„
