1618 2715
308 138 889 186 HISTORIARUM
926 138 1054 184 Lm.
1092 138 1203 185 XL.
1317 156 1408 202 379

134 244 329 294 salonice
353 245 694 293 Demetriadem
715 243 795 307 ipsi
818 261 921 292 cum
943 243 1026 291 iter
1043 243 1172 303 effer,
1196 244 1411 293 Astraeum

133 319 329 366 Paeoniae
347 318 633 366 Demetrium
654 318 791 366 mittit
817 335 917 365 cum
947 318 1107 364 eodem
1130 317 1296 364 comite
1321 318 1413 364 Di·

133 393 187 438 da
204 427 216 450 ,
235 391 434 438 Perseum
457 391 768 454 Amphipolim
787 426 800 447 ,
819 391 875 437 ad
894 390 1069 437 obfides
1086 391 1313 437 Thracum
1331 407 1411 437 ac-

131 463 380 526 cipiendos.
413 463 679 527 digredienti
705 463 761 510 ab
789 463 831 508 se
853 462 987 509 Didae
1016 462 1221 510 mandata
1250 461 1412 508 dediffe

131 536 295 583 dicitur
315 537 367 583 de
386 536 482 583 filio
503 537 772 584 occidendo.
805 535 1083 583 Sacrificium
1106 536 1162 582 ab
1190 537 1309 582 Dida
1336 536 1412 584 seu.

131 607 414 666 institutum,
443 609 517 655 seu
544 609 794 655 fimulatum
825 609 901 655 est.
936 609 991 656 ad
1018 608 1143 672 quod
1179 610 1412 655 celebran-

130 680 238 727 dum
261 681 479 729 invitatus
500 681 757 728 Demetrius
774 681 829 728 ab
850 680 1024 728 Astraeo
1044 682 1306 729 Heracleam
1330 698 1412 728 ve-

131 752 212 800 nit.
255 753 300 799 in
335 770 386 800 ea
418 770 551 801 coena
581 752 746 800 dicitur
775 769 1001 800 venenum
1038 753 1200 800 datum.
1236 752 1410 800 Poculo

131 837 272 886 epoto
289 862 301 884 ,
324 825 554 888 extemplo
575 824 716 872 sensit.
747 828 796 873 &
821 842 931 871 mox
951 826 1124 872 coortis
1145 825 1411 882 doloribu3‚

129 897 287 943 relieto
315 898 541 945 convivio
559 934 572 953 ‚
594 915 697 944 cum
717 898 762 944 in
784 898 1041 944 cubiculum
1061 897 1290 961 recepifi'et
1310 898 1416 954 sese,

131 971 436 1018 crudelitatem
457 971 594 1034 patris
611 987 894 1034 conquerens
909 1006 921 1028 ‚
941 970 1228 1033 parricidium
1250 970 1413 1029 fratris,

128 1060 181 1090 ac
215 1044 348 1091 Didae
381 1042 519 1090 scelus
554 1042 790 1101 incusans,
819 1043 1127 1105 torquebatur.
1169 1041 1411 1090 intromiffi

128 1118 290 1164 deinde
306 1117 493 1181 Thyrsis
510 1117 691 1180 quidam
707 1116 958 1162 Stuberaeus
978 1118 1027 1163 &
1041 1117 1265 1162 Beroeaeus
1283 1116 1409 1162 Alex-

127 1192 293 1249 ander,
328 1191 497 1253 injeffilis
529 1190 750 1253 tapetibus
783 1190 829 1236 in
864 1203 998 1253 caput
1026 1190 1287 1254 faucesque,
1321 1190 1410 1253 spi-

126 1264 262 1310 ritum
294 1264 649 1311 intercluserunt.
678 1266 736 1309 lta
762 1263 977 1310 innoxius
998 1263 1252 1310 adolescens
1268 1298 1281 1320 ,
1303 1278 1407 1309 cum

126 1336 174 1384 in
209 1354 266 1384 eo
304 1354 360 1384 ne
395 1336 583 1398 simplici
613 1336 793 1399 quidem
823 1353 984 1399 genere
1011 1336 1171 1383 morus
1203 1335 1408 1385 contenti

125 1409 296 1458 inimici
329 1409 506 1457 fuissent
523 1445 537 1468 ,
559 1408 837 1456 interficitur.

215 1485 367 1530 XXV.
402 1484 527 1529 Dum
565 1483 661 1528 haec
696 1481 742 1527 in
776 1481 1047 1529 Macedonia
1075 1495 1319 1545 geruntur,
1353 1485 1406 1532 L.

127 1556 331 1602 AEmilius
355 1556 559 1613 Paullus,
584 1568 830 1618 prorogato
854 1571 908 1600 ex
934 1554 1169 1602 consulatu
1192 1556 1404 1618 imperio,

125 1628 354 1690 principio
387 1629 504 1674 veris
526 1629 572 1674 in
600 1628 786 1690 Ligures
811 1631 1032 1690 Ingaunos
1059 1629 1306 1675 exercitum
1335 1630 1404 1674 in-

123 1701 342 1747 troduxit.
365 1701 455 1748 Ubi
478 1702 670 1763 primum
692 1700 737 1746 in
760 1700 958 1746 hostium
976 1699 1139 1748 finibus
1160 1701 1297 1748 castra
1316 1718 1404 1763 po-

124 1772 210 1818 suit
226 1809 239 1829 ,
260 1772 391 1836 legati
418 1773 472 1819 ad
494 1790 596 1819 eum
611 1809 625 1830 ,
651 1790 728 1836 per
759 1771 947 1834 speciem
981 1774 1101 1834 pacis
1132 1775 1366 1836 pentendae
1384 1808 1401 1830 ,

123 1844 395 1906 speculatum
418 1859 648 1893 venerunt.
672 1859 857 1908 negante
886 1846 1064 1899 Paullo,
1089 1846 1169 1893 nisi
1196 1864 1299 1893 cum
1322 1846 1401 1892 de-

122 1916 226 1962 ditis
245 1917 402 1980 pacisci
421 1918 462 1964 se
481 1935 651 1980 pacem,
674 1935 769 1964 non
788 1931 874 1963 tam
895 1917 939 1962 id
956 1917 1245 1975 recusabant,
1263 1935 1400 1980 quam

122 2002 328 2054 tempore
356 2008 470 2054 opus
492 1992 575 2037 effe
595 1991 769 2052 aiebant
787 2027 798 2047 ,
817 2003 867 2036 ut
885 1991 1036 2053 generi
1063 1991 1219 2053 agresti
1249 1991 1402 2037 homi-

123 2079 233 2109 num
265 2064 612 2126 persuaderetur.
645 2065 699 2110 ad
730 2064 819 2112 hoc
841 2064 992 2111 decem
1013 2064 1182 2110 dierum
1202 2062 1398 2110 iuduciae

122 2154 226 2184 cum
246 2139 480 2196 darentur,
496 2139 720 2201 petierunt
739 2138 922 2197 deinde,
936 2159 986 2184 ne
1003 2156 1120 2184 trans
1139 2156 1295 2185 montes
1306 2157 1401 2198 pro-

121 2214 263 2256 ximos
284 2212 420 2279 cqstri5
431 2215 680 2272 pabulatum
701 2216 983 2274 lignatumque
999 2215 1150 2257 milites
1169 2214 1286 2256 irent.
1319 2214 1398 2256 cul-

120 2298 166 2327 ta
194 2302 241 2328 ea
273 2287 364 2328 loca
383 2285 558 2342 sitorum
576 2286 735 2342 finium
766 2283 847 2346 effe.
881 2284 928 2329 Id
959 2283 1038 2330 ubi
1067 2283 1398 2345 impetravere,

121 2355 223 2416 post
254 2371 331 2401 eos
365 2355 483 2418 ipsos
516 2368 723 2412 montes,
756 2357 874 2403 unde
905 2369 1164 2403 averterant
1193 2355 1396 2411 hostem,

121 2426 323 2474 exercitu
343 2426 469 2475 omni
492 2429 648 2477 coadlo
664 2464 677 2487 ,
700 2440 880 2491 repente
911 2427 1200 2477 multitudine
1225 2426 1396 2492 ingenti
