1618 2715
354 147 904 196 HISTOR1ARUM
938 147 1056 196 Lm.
1094 149 1215 196 er.
1314 166 1404 216 445

122 254 338 301 'teriorem
354 291 368 313 ‚
393 257 443 303 &
462 257 506 301 P.
526 257 659 301 Furio
688 256 818 302 Philo
846 257 891 301 in
915 256 1170 303 citeriorem
1194 256 1278 303 tria
1300 259 1407 303 mil-—

126 327 185 372 lia
205 327 406 388 peditum
424 328 736 373 Romanorum
751 363 764 385 ,
788 328 959 390 equites
981 340 1159 374 centum
1179 327 1408 391 quinqua-

125 400 277 463 ginta,
304 400 354 445 &
370 398 542 444 socium
560 399 707 446 Latini
728 400 925 446 nominis
950 401 1150 464 quinque
1167 401 1304 447 millia
1328 419 1406 463 pe·

125 474 268 519 ditum
281 508 295 531 ‚
314 475 504 519 trecenti
525 475 694 537 equites
712 493 722 520 ε
753 474 902 520 Sicilia
920 476 967 520 L.
981 474 1175 521 Claudio
1194 475 1285 521 fine
1305 475 1351 521 su
1359 493 1408 537 p·-

126 547 357 608 plemento
388 547 579 593 decreta.
616 549 745 594 Duas
774 560 988 609 praeterea
1017 547 1215 611 legiones
1242 549 1408 595 consu-

127 618 190 664 les
215 617 406 664 scribere
432 618 557 679 justi,
583 636 683 665 cum
703 617 819 680 justo
850 636 1038 666 numero
1064 620 1262 681 peditum
1283 621 1410 684 equi-

127 702 312 752 tumque
331 726 344 748 ,
376 693 425 738 &
451 692 603 736 decem
628 691 767 736 millia
792 692 990 752 peditum
1011 691 1144 738 sociis
1163 692 1410 754 imperare,

128 763 180 809 &
208 762 442 809 sexcentos
464 763 648 825 equites.
684 763 897 812 Delefitus
931 763 1191 809 consulibus
1213 781 1270 811 eo
1291 766 1409 811 diffi-

129 834 263 882 cilior
284 848 376 882 erat
396 871 409 893 ,
447 837 572 898 quod
606 836 880 898 pestilentia,
916 853 1015 899 quae
1037 837 1189 898 priore
1220 853 1340 884 anno
1362 839 1409 885 in

130 906 277 953 boves
307 908 554 970 ingruerat,
576 923 630 953 eo
653 921 846 954 verteret
871 908 917 954 in
947 909 1185 955 hominum
1209 910 1410 957 morbos.

130 978 209 1041 qui
243 979 493 1025 inciderant
515 1016 529 1037 ,
573 980 693 1025 haud
733 980 861 1026 facile
907 980 1141 1041 septimum
1183 980 1300 1027 diem
1337 981 1408 1027 su-

132 1052 374 1114 perabant:
404 1054 481 1114 qui
510 1053 859 1113 superaverant,
897 1052 1180 1114 longinquo,
1215 1053 1408 1099 maxime

131 1135 389 1186 quartanae,
417 1126 761 1186 implicabantur
783 1127 963 1172 morbo.
998 1126 1188 1173 Servitia
1219 1128 1412 1173 maxime

131 1199 450 1245 moriebantur.
491 1215 647 1244 eorum
681 1199 839 1261 strages
872 1215 949 1260 per
978 1216 1135 1244 omnes
1163 1201 1259 1246 vias
1295 1200 1412 1245 inse-

133 1270 362 1331 pultorum
385 1282 491 1316 erat.
528 1271 596 1315 Ne
616 1270 861 1315 liberorum
881 1270 1063 1332 quidem
1088 1269 1317 1316 funeribus
1337 1271 1414 1316 Li·-

132 1342 274 1389 bitina
304 1343 560 1390 sufficiebat.
602 1344 835 1389 Cadavera
856 1379 868 1399 ,
901 1344 1058 1388 intaeta
1086 1361 1110 1389 a
1145 1344 1327 1389 canibus
1362 1360 1413 1391 ac

135 1416 392 1463 vulturibus
415 1453 431 1473 5
466 1417 586 1462 tabes
618 1415 901 1462 absumebat:
937 1415 1124 1479 satisque
1157 1416 1415 1475 constabat,

134 1507 218 1537 nec
239 1491 346 1547 illo,
369 1508 458 1549 nec
472 1493 623 1552 priore
641 1507 786 1546 anno,
810 1491 854 1536 in
875 1503 995 1536 tanta
1017 1491 1153 1552 strage
1172 1492 1308 1537 boum
1331 1491 1413 1535 ho·

134 1562 396 1625 suinumque
441 1563 687 1609 vulturium
720 1563 906 1623 usquam
945 1561 1106 1607 visum.
1150 1563 1413 1609 Sacerdotes

133 1635 303 1696 publici
323 1652 372 1681 ea
392 1635 636 1692 pestilentia
652 1636 818 1682 mortui
840 1635 951 1691 sunt,
973 1637 1057 1681 Cn.
1076 1635 1290 1682 Servilius
1310 1638 1414 1682 Cae-

134 1709 213 1770 pio
233 1708 461 1770 pontifeX.
486 1724 607 1771 pater
625 1711 827 1772 praetoris
841 1747 852 1767 ,
874 1712 919 1756 &
939 1709 1010 1754 Ti.
1030 1709 1318 1770 Sempronius
1340 1709 1416 1758 Ti.

134 1784 181 1828 F.
203 1785 383 1845 Longus
410 1782 890 1829 decemvir'sacrorum
909 1818 923 1839 ,
952 1784 999 1828 ὅ(
1030 1784 1075 1828 Ρ.
1100 1783 1240 1829 AElius
1271 1784 1416 1828 Paetus

135 1870 296 1917 augur,
318 1858 367 1902 ὅ(
385 1856 458 1902 Ti.
473 1856 765 1917 Sempronius
784 1856 1033 1911 Gracchus,
1051 1857 1100 1901 ὅ(
1116 1857 1167 1902 C.
1190 1855 1417 1901 Mamilius

137 1927 318 1974 Vitulus
338 1929 466 1975 curio
488 1931 709 1975 maximus
724 1965 736 1983 ,
760 1930 809 1975 ὃ(
833 1933 892 1974 Μ.
913 1929 1204 1990 Sempronius
1223 1930 1416 1975 Tudita-

138 2017 221 2046 nus
251 2002 474 2062 pontifex.
508 2002 745 2064 pontifices
775 2002 941 2047 suffecti
971 2001 1094 2058 sunt,
1121 2003 1175 2048 C.
1194 2003 1417 2064 Sulpicius

139 2073 283 2118 Galba
299 2077 323 2098 ἄ
335 2077 359 2098 ⁴*
371 2077 394 2099 ⁴*
412 2076 458 2121 in
478 2076 631 2122 locum
647 2074 870 2121 Tuditani,
894 2079 1096 2137 Augures
1115 2075 1274 2122 suffecti
1290 2075 1414 2130 sunt,

139 2144 186 2190 in
216 2146 414 2192 Gracchi
449 2147 601 2194 locum
633 2147 686 2192 T.
715 2147 928 2192 Veturius
951 2148 1187 2192 Gracchus
1208 2142 1418 2209 Sempro-⁶

138 2217 298 2264 nianus
314 2254 326 2273 ‚
360 2220 407 2265 in
433 2222 479 2266 P.
504 2220 610 2266 AElii
634 2221 694 2279 Q.
715 2220 855 2266 AElius
879 2221 1035 2266 Paetus.
1073 2219 1324 2266 Decemvir
1351 2219 1418 2267 sae

140 2306 318 2337 crorum
340 2291 392 2337 C.
411 2292 701 2352 Sempronius
718 2295 902 2356 Longus
919 2328 932 2349 ,
966 2292 1093 2339 curio
1124 2292 1338 2338 maximus
1360 2293 1417 2340 C.

140 2363 403 2409 Scribonius
439 2365 582 2409 Curio
619 2364 847 2411 sufficitur.
881 2366 996 2410 Cum
1029 2364 1286 2426 pestilentiae
1314 2364 1418 2411 finis

140 2450 237 2482 non
257 2434 410 2496 fieret,
442 2437 615 2484 senatus
640 2437 841 2487 decrevit
859 2472 875 2496 ,
910 2436 974 2483 uti
1002 2436 1246 2485 decemviri
1273 2436 1416 2483 libros
