<?xml version="1.0" encoding="UTF-8"?>
<!DOCTYPE html PUBLIC "-//W3C//DTD XHTML 1.0 Transitional//EN"
    "http://www.w3.org/TR/xhtml1/DTD/xhtml1-transitional.dtd">
<html xmlns="http://www.w3.org/1999/xhtml" xml:lang="en" lang="en">
 <head>
  <title>
</title>
<meta http-equiv="Content-Type" content="text/html;charset=utf-8" />
  <meta name='ocr-system' content='tesseract 3.04.00' />
  <meta name='ocr-capabilities' content='ocr_page ocr_carea ocr_par ocr_line ocrx_word'/>
</head>
<body>
  <div class='ocr_page' id='page_1' title='image "./historiarumlibri06livyuoft_0220.png"; bbox 0 0 1618 2715; ppageno 0'>
   <div class='ocr_carea' id='block_1_1' title="bbox 212 103 1136 155">
    <p class='ocr_par' dir='ltr' id='par_1_1' title="bbox 212 103 1136 155">
     <span class='ocr_line' id='line_1_1' title="bbox 212 103 1136 155; baseline -0.003 -1"><span class='ocrx_word' id='word_1_1' title='bbox 212 124 305 155; x_wconf 82' lang='lat'><strong>212</strong></span> <span class='ocrx_word' id='word_1_2' title='bbox 568 103 1136 151; x_wconf 76' lang='lat' dir='ltr'>T1T1L1V11</span> 
     </span>
    </p>
   </div>
   <div class='ocr_carea' id='block_1_2' title="bbox 189 210 1494 2391">
    <p class='ocr_par' dir='ltr' id='par_1_2' title="bbox 189 210 1494 2391">
     <span class='ocr_line' id='line_1_2' title="bbox 211 210 1494 278; baseline 0 -18"><span class='ocrx_word' id='word_1_3' title='bbox 211 211 423 278; x_wconf 87' lang='lat' dir='ltr'><strong>lograecia</strong></span> <span class='ocrx_word' id='word_1_4' title='bbox 453 211 619 258; x_wconf 88' lang='lat' dir='ltr'><strong>bellum</strong></span> <span class='ocrx_word' id='word_1_5' title='bbox 654 210 802 274; x_wconf 86' lang='lat' dir='ltr'><strong>geffit,</strong></span> <span class='ocrx_word' id='word_1_6' title='bbox 830 211 956 274; x_wconf 85' lang='lat' dir='ltr'><strong>quod</strong></span> <span class='ocrx_word' id='word_1_7' title='bbox 986 228 1106 259; x_wconf 90' lang='lat' dir='ltr'><strong>nunc</strong></span> <span class='ocrx_word' id='word_1_8' title='bbox 1132 210 1273 258; x_wconf 88' lang='lat' dir='ltr'><strong>ordiri</strong></span> <span class='ocrx_word' id='word_1_9' title='bbox 1301 228 1494 275; x_wconf 80' lang='lat' dir='ltr'><strong>pergam.</strong></span> 
     </span>
     <span class='ocr_line' id='line_1_3' title="bbox 206 282 1493 349; baseline -0.001 -16"><span class='ocrx_word' id='word_1_10' title='bbox 206 284 328 333; x_wconf 71' lang='lat' dir='ltr'><strong>Vere</strong></span> <span class='ocrx_word' id='word_1_11' title='bbox 371 285 519 349; x_wconf 88' lang='lat' dir='ltr'><strong>primo</strong></span> <span class='ocrx_word' id='word_1_12' title='bbox 562 282 782 346; x_wconf 81' lang='lat' dir='ltr'><strong>Ephesum</strong></span> <span class='ocrx_word' id='word_1_13' title='bbox 822 282 979 330; x_wconf 88' lang='lat' dir='ltr'><strong>consul</strong></span> <span class='ocrx_word' id='word_1_14' title='bbox 1021 282 1175 342; x_wconf 84' lang='lat' dir='ltr'><strong>venit,</strong></span> <span class='ocrx_word' id='word_1_15' title='bbox 1215 284 1493 346; x_wconf 78' lang='lat' dir='ltr'>acceptisque</span> 
     </span>
     <span class='ocr_line' id='line_1_4' title="bbox 207 355 1494 423; baseline -0.004 -14"><span class='ocrx_word' id='word_1_16' title='bbox 207 360 354 423; x_wconf 79' lang='lat' dir='ltr'><strong>copiis</strong></span> <span class='ocrx_word' id='word_1_17' title='bbox 375 376 400 406; x_wconf 92' lang='lat' dir='ltr'><strong>a</strong></span> <span class='ocrx_word' id='word_1_18' title='bbox 422 361 470 406; x_wconf 92' lang='lat' dir='ltr'><strong>L.</strong></span> <span class='ocrx_word' id='word_1_19' title='bbox 490 355 701 418; x_wconf 82' lang='lat' dir='ltr'>Scipione</span> <span class='ocrx_word' id='word_1_20' title='bbox 715 391 730 413; x_wconf 87' lang='lat'><strong>,</strong></span> <span class='ocrx_word' id='word_1_21' title='bbox 759 359 807 404; x_wconf 85' lang='lat'>&amp;</span> <span class='ocrx_word' id='word_1_22' title='bbox 833 356 1034 404; x_wconf 76' lang='lat' dir='ltr'><strong>exercitu</strong></span> <span class='ocrx_word' id='word_1_23' title='bbox 1061 355 1248 404; x_wconf 85' lang='lat' dir='ltr'><strong>lustrato</strong></span> <span class='ocrx_word' id='word_1_24' title='bbox 1264 393 1278 415; x_wconf 89' lang='lat'>,</span> <span class='ocrx_word' id='word_1_25' title='bbox 1299 359 1494 404; x_wconf 85' lang='lat' dir='ltr'><strong>concio-</strong></span> 
     </span>
     <span class='ocr_line' id='line_1_5' title="bbox 206 429 1494 496; baseline -0.004 -14"><span class='ocrx_word' id='word_1_26' title='bbox 206 451 312 482; x_wconf 86' lang='lat' dir='ltr'><strong>nem</strong></span> <span class='ocrx_word' id='word_1_27' title='bbox 343 432 462 496; x_wconf 88' lang='lat' dir='ltr'><strong>apud</strong></span> <span class='ocrx_word' id='word_1_28' title='bbox 494 429 656 477; x_wconf 86' lang='lat' dir='ltr'><strong>milites</strong></span> <span class='ocrx_word' id='word_1_29' title='bbox 688 430 875 477; x_wconf 88' lang='lat' dir='ltr'><strong>habuit:</strong></span> <span class='ocrx_word' id='word_1_30' title='bbox 903 447 1018 494; x_wconf 86' lang='lat' dir='ltr'><strong>qua,</strong></span> <span class='ocrx_word' id='word_1_31' title='bbox 1045 429 1296 477; x_wconf 85' lang='lat' dir='ltr'><strong>collaudata</strong></span> <span class='ocrx_word' id='word_1_32' title='bbox 1323 430 1494 477; x_wconf 85' lang='lat' dir='ltr'><strong>virtute</strong></span> 
     </span>
     <span class='ocr_line' id='line_1_6' title="bbox 207 503 1490 567; baseline -0.006 -12"><span class='ocrx_word' id='word_1_33' title='bbox 207 523 367 556; x_wconf 86' lang='lat' dir='ltr'><strong>eorum</strong></span> <span class='ocrx_word' id='word_1_34' title='bbox 383 542 399 563; x_wconf 89' lang='lat'><em>,</em></span> <span class='ocrx_word' id='word_1_35' title='bbox 424 503 548 567; x_wconf 86' lang='lat' dir='ltr'><strong>quod</strong></span> <span class='ocrx_word' id='word_1_36' title='bbox 573 520 673 549; x_wconf 89' lang='lat' dir='ltr'><strong>cum</strong></span> <span class='ocrx_word' id='word_1_37' title='bbox 695 503 931 550; x_wconf 81' lang='lat' dir='ltr'>Antiocho</span> <span class='ocrx_word' id='word_1_38' title='bbox 962 519 1057 548; x_wconf 90' lang='lat' dir='ltr'><strong>uno</strong></span> <span class='ocrx_word' id='word_1_39' title='bbox 1086 503 1253 564; x_wconf 83' lang='lat' dir='ltr'><strong>proelio</strong></span> <span class='ocrx_word' id='word_1_40' title='bbox 1275 503 1490 549; x_wconf 86' lang='lat' dir='ltr'><strong>debellas-</strong></span> 
     </span>
     <span class='ocr_line' id='line_1_7' title="bbox 204 573 1490 635; baseline -0.005 -9"><span class='ocrx_word' id='word_1_41' title='bbox 204 578 325 635; x_wconf 89' lang='lat' dir='ltr'><strong>sent,</strong></span> <span class='ocrx_word' id='word_1_42' title='bbox 353 575 612 622; x_wconf 80' lang='lat' dir='ltr'>adhortatus</span> <span class='ocrx_word' id='word_1_43' title='bbox 636 589 716 620; x_wconf 89' lang='lat' dir='ltr'><strong>eos</strong></span> <span class='ocrx_word' id='word_1_44' title='bbox 747 574 800 620; x_wconf 91' lang='lat' dir='ltr'><strong>ad</strong></span> <span class='ocrx_word' id='word_1_45' title='bbox 837 590 1014 621; x_wconf 87' lang='lat' dir='ltr'><strong>novum</strong></span> <span class='ocrx_word' id='word_1_46' title='bbox 1049 591 1149 620; x_wconf 89' lang='lat' dir='ltr'><strong>cum</strong></span> <span class='ocrx_word' id='word_1_47' title='bbox 1179 574 1320 621; x_wconf 87' lang='lat' dir='ltr'><strong>Gallis</strong></span> <span class='ocrx_word' id='word_1_48' title='bbox 1354 573 1490 620; x_wconf 65' lang='lat' dir='ltr'><strong>susci-</strong></span> 
     </span>
     <span class='ocr_line' id='line_1_8' title="bbox 204 647 1491 716; baseline -0.004 -17"><span class='ocrx_word' id='word_1_49' title='bbox 204 652 421 716; x_wconf 88' lang='lat' dir='ltr'><strong>piendum</strong></span> <span class='ocrx_word' id='word_1_50' title='bbox 444 649 610 696; x_wconf 89' lang='lat' dir='ltr'><strong>bellum</strong></span> <span class='ocrx_word' id='word_1_51' title='bbox 625 684 639 706; x_wconf 90' lang='lat'>‚</span> <span class='ocrx_word' id='word_1_52' title='bbox 662 647 740 712; x_wconf 88' lang='lat' dir='ltr'><strong>qui</strong></span> <span class='ocrx_word' id='word_1_53' title='bbox 767 649 815 695; x_wconf 82' lang='lat'><strong>&amp;</strong></span> <span class='ocrx_word' id='word_1_54' title='bbox 845 647 1022 694; x_wconf 77' lang='lat' dir='ltr'>auxiliis</span> <span class='ocrx_word' id='word_1_55' title='bbox 1046 647 1321 696; x_wconf 83' lang='lat' dir='ltr'>Antiochum</span> <span class='ocrx_word' id='word_1_56' title='bbox 1349 647 1491 711; x_wconf 81' lang='lat' dir='ltr'><strong>juvis-</strong></span> 
     </span>
     <span class='ocr_line' id='line_1_9' title="bbox 204 720 1487 785; baseline -0.004 -13"><span class='ocrx_word' id='word_1_57' title='bbox 204 726 324 780; x_wconf 87' lang='lat' dir='ltr'>sent,</span> <span class='ocrx_word' id='word_1_58' title='bbox 343 725 391 771; x_wconf 86' lang='lat'>&amp;</span> <span class='ocrx_word' id='word_1_59' title='bbox 411 723 523 768; x_wconf 84' lang='lat' dir='ltr'><strong>adeo</strong></span> <span class='ocrx_word' id='word_1_60' title='bbox 542 720 763 767; x_wconf 85' lang='lat' dir='ltr'><strong>indomita</strong></span> <span class='ocrx_word' id='word_1_61' title='bbox 783 720 998 767; x_wconf 89' lang='lat' dir='ltr'><strong>haberent</strong></span> <span class='ocrx_word' id='word_1_62' title='bbox 1018 720 1212 784; x_wconf 83' lang='lat' dir='ltr'><strong>ingenia,</strong></span> <span class='ocrx_word' id='word_1_63' title='bbox 1225 733 1274 767; x_wconf 90' lang='lat' dir='ltr'><strong>ut</strong></span> <span class='ocrx_word' id='word_1_64' title='bbox 1293 720 1487 785; x_wconf 60' lang='lat' dir='ltr'><strong>nequidss</strong></span> 
     </span>
     <span class='ocr_line' id='line_1_10' title="bbox 203 793 1490 858; baseline -0.003 -15"><span class='ocrx_word' id='word_1_65' title='bbox 203 815 342 855; x_wconf 75' lang='lat' dir='ltr'><strong>(mam</strong></span> <span class='ocrx_word' id='word_1_66' title='bbox 374 794 628 842; x_wconf 83' lang='lat' dir='ltr'>Antiochus</span> <span class='ocrx_word' id='word_1_67' title='bbox 661 806 839 841; x_wconf 89' lang='lat' dir='ltr'><strong>emotus</strong></span> <span class='ocrx_word' id='word_1_68' title='bbox 870 793 989 841; x_wconf 85' lang='lat' dir='ltr'><strong>ultra</strong></span> <span class='ocrx_word' id='word_1_69' title='bbox 1020 793 1120 858; x_wconf 78' lang='lat' dir='ltr'><strong>juga</strong></span> <span class='ocrx_word' id='word_1_70' title='bbox 1154 795 1295 841; x_wconf 86' lang='lat' dir='ltr'><strong>Tauri</strong></span> <span class='ocrx_word' id='word_1_71' title='bbox 1320 794 1490 840; x_wconf 87' lang='lat' dir='ltr'><strong>montis</strong></span> 
     </span>
     <span class='ocr_line' id='line_1_11' title="bbox 203 866 1489 931; baseline -0.001 -17"><span class='ocrx_word' id='word_1_72' title='bbox 203 872 336 924; x_wconf 38' lang='lat' dir='ltr'><strong>cult,</strong></span> <span class='ocrx_word' id='word_1_73' title='bbox 356 867 436 914; x_wconf 81' lang='lat' dir='ltr'><strong>nisi</strong></span> <span class='ocrx_word' id='word_1_74' title='bbox 467 866 772 930; x_wconf 74' lang='lat' dir='ltr'><strong>frangerentur</strong></span> <span class='ocrx_word' id='word_1_75' title='bbox 800 883 909 929; x_wconf 89' lang='lat' dir='ltr'><strong>opes</strong></span> <span class='ocrx_word' id='word_1_76' title='bbox 930 866 1194 913; x_wconf 85' lang='lat' dir='ltr'><strong>Gallorum:</strong></span> <span class='ocrx_word' id='word_1_77' title='bbox 1227 868 1279 912; x_wconf 89' lang='lat' dir='ltr'><strong>de</strong></span> <span class='ocrx_word' id='word_1_78' title='bbox 1306 867 1348 913; x_wconf 89' lang='lat' dir='ltr'><strong>se</strong></span> <span class='ocrx_word' id='word_1_79' title='bbox 1368 883 1489 931; x_wconf 85' lang='lat' dir='ltr'><strong>quo·-</strong></span> 
     </span>
     <span class='ocr_line' id='line_1_12' title="bbox 197 935 1491 1005; baseline -0.002 -19"><span class='ocrx_word' id='word_1_80' title='bbox 197 957 294 1005; x_wconf 62' lang='lat' dir='ltr'><strong>&gt;que</strong></span> <span class='ocrx_word' id='word_1_81' title='bbox 319 956 483 1003; x_wconf 85' lang='lat' dir='ltr'><strong>pauca,</strong></span> <span class='ocrx_word' id='word_1_82' title='bbox 508 954 590 984; x_wconf 89' lang='lat' dir='ltr'><strong>nec</strong></span> <span class='ocrx_word' id='word_1_83' title='bbox 615 936 746 994; x_wconf 86' lang='lat' dir='ltr'><strong>falsa,</strong></span> <span class='ocrx_word' id='word_1_84' title='bbox 771 954 852 983; x_wconf 84' lang='lat' dir='ltr'><strong>nec</strong></span> <span class='ocrx_word' id='word_1_85' title='bbox 877 936 1119 984; x_wconf 84' lang='lat' dir='ltr'><strong>immodica</strong></span> <span class='ocrx_word' id='word_1_86' title='bbox 1136 973 1149 994; x_wconf 87' lang='lat'>,</span> <span class='ocrx_word' id='word_1_87' title='bbox 1171 935 1345 997; x_wconf 76' lang='lat' dir='ltr'><strong>adjecit.</strong></span> <span class='ocrx_word' id='word_1_88' title='bbox 1379 935 1491 984; x_wconf 76' lang='lat' dir='ltr'><strong>Laeti</strong></span> 
     </span>
     <span class='ocr_line' id='line_1_13' title="bbox 200 1009 1485 1074; baseline -0.005 -13"><span class='ocrx_word' id='word_1_89' title='bbox 200 1013 365 1061; x_wconf 78' lang='lat' dir='ltr'><strong>milites</strong></span> <span class='ocrx_word' id='word_1_90' title='bbox 385 1028 489 1058; x_wconf 90' lang='lat' dir='ltr'><strong>cum</strong></span> <span class='ocrx_word' id='word_1_91' title='bbox 512 1009 737 1073; x_wconf 84' lang='lat' dir='ltr'><strong>frequenti</strong></span> <span class='ocrx_word' id='word_1_92' title='bbox 754 1009 920 1056; x_wconf 86' lang='lat' dir='ltr'><strong>assensu</strong></span> <span class='ocrx_word' id='word_1_93' title='bbox 940 1009 1170 1056; x_wconf 88' lang='lat' dir='ltr'><strong>consulem</strong></span> <span class='ocrx_word' id='word_1_94' title='bbox 1192 1010 1485 1074; x_wconf 84' lang='lat' dir='ltr'><strong>audiverunt,</strong></span> 
     </span>
     <span class='ocr_line' id='line_1_14' title="bbox 202 1084 1486 1152; baseline -0.004 -17"><span class='ocrx_word' id='word_1_95' title='bbox 202 1101 375 1152; x_wconf 87' lang='lat' dir='ltr'><strong>partem</strong></span> <span class='ocrx_word' id='word_1_96' title='bbox 412 1085 577 1131; x_wconf 83' lang='lat' dir='ltr'><strong>virium</strong></span> <span class='ocrx_word' id='word_1_97' title='bbox 614 1085 836 1138; x_wconf 87' lang='lat' dir='ltr'><strong>Antiochi</strong></span> <span class='ocrx_word' id='word_1_98' title='bbox 874 1084 997 1130; x_wconf 70' lang='lat' dir='ltr'><strong>fuifl‘e</strong></span> <span class='ocrx_word' id='word_1_99' title='bbox 1033 1084 1198 1133; x_wconf 82' lang='lat' dir='ltr'><strong>Gallos</strong></span> <span class='ocrx_word' id='word_1_100' title='bbox 1225 1085 1486 1148; x_wconf 74' lang='lat' dir='ltr'><strong>credentes;</strong></span> 
     </span>
     <span class='ocr_line' id='line_1_15' title="bbox 194 1155 1487 1226; baseline -0.004 -17"><span class='ocrx_word' id='word_1_101' title='bbox 194 1155 306 1226; x_wconf 34' lang='lat' dir='ltr'><strong>‘rege</strong></span> <span class='ocrx_word' id='word_1_102' title='bbox 335 1159 569 1223; x_wconf 73' lang='lat' dir='ltr'><strong>superato,</strong></span> <span class='ocrx_word' id='word_1_103' title='bbox 601 1157 774 1204; x_wconf 88' lang='lat' dir='ltr'><strong>nullum</strong></span> <span class='ocrx_word' id='word_1_104' title='bbox 804 1168 1086 1204; x_wconf 83' lang='lat' dir='ltr'><strong>momentum</strong></span> <span class='ocrx_word' id='word_1_105' title='bbox 1119 1156 1166 1202; x_wconf 91' lang='lat' dir='ltr'><strong>in</strong></span> <span class='ocrx_word' id='word_1_106' title='bbox 1199 1155 1304 1203; x_wconf 86' lang='lat' dir='ltr'><strong>solis</strong></span> <span class='ocrx_word' id='word_1_107' title='bbox 1333 1173 1410 1219; x_wconf 89' lang='lat' dir='ltr'><strong>per</strong></span> <span class='ocrx_word' id='word_1_108' title='bbox 1442 1157 1487 1204; x_wconf 84' lang='lat' dir='ltr'><strong>se</strong></span> 
     </span>
     <span class='ocr_line' id='line_1_16' title="bbox 203 1231 1485 1296; baseline -0.005 -13"><span class='ocrx_word' id='word_1_109' title='bbox 203 1235 443 1283; x_wconf 81' lang='lat' dir='ltr'><strong>Gallorum</strong></span> <span class='ocrx_word' id='word_1_110' title='bbox 471 1232 615 1296; x_wconf 88' lang='lat' dir='ltr'><strong>copiis</strong></span> <span class='ocrx_word' id='word_1_111' title='bbox 648 1231 761 1280; x_wconf 86' lang='lat' dir='ltr'><strong>fore.</strong></span> <span class='ocrx_word' id='word_1_112' title='bbox 794 1236 1038 1280; x_wconf 85' lang='lat' dir='ltr'><strong>Eumenem</strong></span> <span class='ocrx_word' id='word_1_113' title='bbox 1057 1232 1175 1278; x_wconf 89' lang='lat' dir='ltr'><strong>haud</strong></span> <span class='ocrx_word' id='word_1_114' title='bbox 1202 1232 1249 1278; x_wconf 92' lang='lat' dir='ltr'><strong>in</strong></span> <span class='ocrx_word' id='word_1_115' title='bbox 1278 1244 1485 1293; x_wconf 84' lang='lat' dir='ltr'><strong>tempore</strong></span> 
     </span>
     <span class='ocr_line' id='line_1_17' title="bbox 199 1305 1485 1372; baseline -0.002 -18"><span class='ocrx_word' id='word_1_116' title='bbox 199 1308 343 1355; x_wconf 73' lang='lat' dir='ltr'><strong>abefl&#39;e</strong></span> <span class='ocrx_word' id='word_1_117' title='bbox 373 1306 563 1370; x_wconf 76' lang='lat' dir='ltr'><strong>(Romae</strong></span> <span class='ocrx_word' id='word_1_118' title='bbox 592 1318 700 1354; x_wconf 89' lang='lat' dir='ltr'><strong>tunc</strong></span> <span class='ocrx_word' id='word_1_119' title='bbox 726 1306 854 1369; x_wconf 76' lang='lat' dir='ltr'><strong>erat)</strong></span> <span class='ocrx_word' id='word_1_120' title='bbox 875 1306 1054 1354; x_wconf 79' lang='lat' dir='ltr'><strong>credere</strong></span> <span class='ocrx_word' id='word_1_121' title='bbox 1086 1305 1485 1372; x_wconf 27' lang='lat' dir='ltr'><strong>consulygnaru&#39;m</strong></span> 
     </span>
     <span class='ocr_line' id='line_1_18' title="bbox 198 1375 1483 1442; baseline -0.004 -15"><span class='ocrx_word' id='word_1_122' title='bbox 198 1381 412 1442; x_wconf 81' lang='lat' dir='ltr'><strong>locorum</strong></span> <span class='ocrx_word' id='word_1_123' title='bbox 448 1378 808 1440; x_wconf 81' lang='lat' dir='ltr'><strong>hominumque,</strong></span> <span class='ocrx_word' id='word_1_124' title='bbox 841 1381 890 1425; x_wconf 65' lang='grc' dir='ltr'><strong>ὅ(</strong></span> <span class='ocrx_word' id='word_1_125' title='bbox 923 1376 1047 1438; x_wconf 75' lang='lat' dir='ltr'><strong>cujus</strong></span> <span class='ocrx_word' id='word_1_126' title='bbox 1084 1376 1308 1423; x_wconf 84' lang='lat' dir='ltr'><strong>intereffet</strong></span> <span class='ocrx_word' id='word_1_127' title='bbox 1339 1375 1483 1439; x_wconf 81' lang='lat' dir='ltr'><strong>frangi</strong></span> 
     </span>
     <span class='ocr_line' id='line_1_19' title="bbox 201 1448 1483 1514; baseline -0.004 -15"><span class='ocrx_word' id='word_1_128' title='bbox 201 1452 440 1500; x_wconf 84' lang='lat' dir='ltr'><strong>Gallorum</strong></span> <span class='ocrx_word' id='word_1_129' title='bbox 463 1467 586 1513; x_wconf 85' lang='lat' dir='ltr'><strong>opes.</strong></span> <span class='ocrx_word' id='word_1_130' title='bbox 611 1450 810 1496; x_wconf 83' lang='lat' dir='ltr'><strong>Attalum</strong></span> <span class='ocrx_word' id='word_1_131' title='bbox 837 1450 972 1514; x_wconf 77' lang='lat' dir='ltr'><strong>igitur</strong></span> <span class='ocrx_word' id='word_1_132' title='bbox 997 1448 1178 1496; x_wconf 76' lang='lat' dir='ltr'><strong>fratrem</strong></span> <span class='ocrx_word' id='word_1_133' title='bbox 1199 1448 1290 1510; x_wconf 85' lang='lat' dir='ltr'><strong>ejus</strong></span> <span class='ocrx_word' id='word_1_134' title='bbox 1310 1449 1483 1495; x_wconf 77' lang='lat' dir='ltr'><strong>arceffit</strong></span> 
     </span>
     <span class='ocr_line' id='line_1_20' title="bbox 197 1521 1482 1594; baseline -0.004 -22"><span class='ocrx_word' id='word_1_135' title='bbox 197 1544 224 1573; x_wconf 82' lang='lat' dir='ltr'><strong>a</strong></span> <span class='ocrx_word' id='word_1_136' title='bbox 245 1527 487 1590; x_wconf 80' lang='lat' dir='ltr'><strong>Pergamo,</strong></span> <span class='ocrx_word' id='word_1_137' title='bbox 511 1524 801 1588; x_wconf 70' lang='lat' dir='ltr'><strong>l‘lortatusque</strong></span> <span class='ocrx_word' id='word_1_138' title='bbox 819 1525 872 1570; x_wconf 87' lang='lat' dir='ltr'><strong>ad</strong></span> <span class='ocrx_word' id='word_1_139' title='bbox 894 1523 1202 1594; x_wconf 61' lang='lat' dir='ltr'><strong>capessendum</strong></span> <span class='ocrx_word' id='word_1_140' title='bbox 1222 1521 1368 1570; x_wconf 85' lang='lat' dir='ltr'><strong>secum</strong></span> <span class='ocrx_word' id='word_1_141' title='bbox 1389 1522 1482 1569; x_wconf 87' lang='lat' dir='ltr'><strong>bel-</strong></span> 
     </span>
     <span class='ocr_line' id='line_1_21' title="bbox 197 1585 1481 1661; baseline -0.003 -15"><span class='ocrx_word' id='word_1_142' title='bbox 197 1599 316 1654; x_wconf 85' lang='lat' dir='ltr'><strong>lum,</strong></span> <span class='ocrx_word' id='word_1_143' title='bbox 336 1598 628 1661; x_wconf 85' lang='lat' dir='ltr'><strong>pollicentem</strong></span> <span class='ocrx_word' id='word_1_144' title='bbox 648 1597 767 1642; x_wconf 83' lang='lat' dir='ltr'><strong>suam</strong></span> <span class='ocrx_word' id='word_1_145' title='bbox 792 1596 1062 1660; x_wconf 76' lang='lat' dir='ltr'><strong>suorumque</strong></span> <span class='ocrx_word' id='word_1_146' title='bbox 1081 1613 1266 1659; x_wconf 83' lang='lat' dir='ltr'><strong>operam</strong></span> <span class='ocrx_word' id='word_1_147' title='bbox 1295 1585 1481 1642; x_wconf 74' lang='lat' dir='ltr'><strong>domum</strong></span> 
     </span>
     <span class='ocr_line' id='line_1_22' title="bbox 196 1664 1482 1733; baseline -0.005 -15"><span class='ocrx_word' id='word_1_148' title='bbox 196 1672 253 1719; x_wconf 86' lang='lat' dir='ltr'><strong>ad</strong></span> <span class='ocrx_word' id='word_1_149' title='bbox 278 1670 626 1733; x_wconf 79' lang='lat' dir='ltr'><strong>comparandum</strong></span> <span class='ocrx_word' id='word_1_150' title='bbox 655 1668 854 1715; x_wconf 76' lang='lat' dir='ltr'><strong>dimittit.</strong></span> <span class='ocrx_word' id='word_1_151' title='bbox 885 1664 1057 1714; x_wconf 76' lang='lat' dir='ltr'><strong>Paucos</strong></span> <span class='ocrx_word' id='word_1_152' title='bbox 1079 1668 1179 1730; x_wconf 88' lang='lat' dir='ltr'><strong>post</strong></span> <span class='ocrx_word' id='word_1_153' title='bbox 1203 1667 1296 1713; x_wconf 79' lang='lat' dir='ltr'><strong>(lies</strong></span> <span class='ocrx_word' id='word_1_154' title='bbox 1326 1667 1482 1730; x_wconf 81' lang='lat' dir='ltr'><strong>profe-</strong></span> 
     </span>
     <span class='ocr_line' id='line_1_23' title="bbox 196 1741 1480 1806; baseline -0.004 -15"><span class='ocrx_word' id='word_1_155' title='bbox 196 1746 270 1791; x_wconf 68' lang='lat' dir='ltr'><strong>&amp;o</strong></span> <span class='ocrx_word' id='word_1_156' title='bbox 291 1744 345 1790; x_wconf 85' lang='lat' dir='ltr'><strong>ab</strong></span> <span class='ocrx_word' id='word_1_157' title='bbox 373 1742 548 1805; x_wconf 80' lang='lat' dir='ltr'><strong>Epheso</strong></span> <span class='ocrx_word' id='word_1_158' title='bbox 572 1741 746 1789; x_wconf 78' lang='lat' dir='ltr'><strong>consuli</strong></span> <span class='ocrx_word' id='word_1_159' title='bbox 764 1742 817 1787; x_wconf 79' lang='lat' dir='ltr'><strong>ad</strong></span> <span class='ocrx_word' id='word_1_160' title='bbox 835 1741 1105 1806; x_wconf 74' lang='lat' dir='ltr'><strong>Magnesiam</strong></span> <span class='ocrx_word' id='word_1_161' title='bbox 1130 1741 1332 1788; x_wconf 76' lang='lat' dir='ltr'><strong>occurri:</strong></span> <span class='ocrx_word' id='word_1_162' title='bbox 1350 1743 1480 1788; x_wconf 62' lang='lat' dir='ltr'><strong>,Atta-</strong></span> 
     </span>
     <span class='ocr_line' id='line_1_24' title="bbox 194 1812 1481 1878; baseline -0.004 -14"><span class='ocrx_word' id='word_1_163' title='bbox 194 1816 265 1864; x_wconf 85' lang='lat' dir='ltr'><strong>lus</strong></span> <span class='ocrx_word' id='word_1_164' title='bbox 292 1833 392 1863; x_wconf 87' lang='lat' dir='ltr'><strong>cum</strong></span> <span class='ocrx_word' id='word_1_165' title='bbox 421 1815 542 1861; x_wconf 79' lang='lat' dir='ltr'><strong>mille</strong></span> <span class='ocrx_word' id='word_1_166' title='bbox 568 1814 816 1877; x_wconf 76' lang='lat' dir='ltr'><strong>peditibus,</strong></span> <span class='ocrx_word' id='word_1_167' title='bbox 839 1814 1062 1878; x_wconf 80' lang='lat' dir='ltr'><strong>equitibus</strong></span> <span class='ocrx_word' id='word_1_168' title='bbox 1092 1814 1294 1860; x_wconf 83' lang='lat' dir='ltr'><strong>ducentis</strong></span> <span class='ocrx_word' id='word_1_169' title='bbox 1311 1851 1323 1869; x_wconf 93' lang='lat'>‚</span> <span class='ocrx_word' id='word_1_170' title='bbox 1344 1812 1481 1860; x_wconf 67' lang='lat' dir='ltr'><strong>Athe-&#39;-</strong></span> 
     </span>
     <span class='ocr_line' id='line_1_25' title="bbox 193 1885 1480 1950; baseline -0.002 -15"><span class='ocrx_word' id='word_1_171' title='bbox 193 1906 299 1935; x_wconf 80' lang='lat' dir='ltr'><strong>naeo</strong></span> <span class='ocrx_word' id='word_1_172' title='bbox 327 1888 461 1934; x_wconf 81' lang='lat' dir='ltr'><strong>fratre</strong></span> <span class='ocrx_word' id='word_1_173' title='bbox 488 1888 600 1950; x_wconf 81' lang='lat' dir='ltr'><strong>juffo</strong></span> <span class='ocrx_word' id='word_1_174' title='bbox 622 1905 722 1935; x_wconf 85' lang='lat' dir='ltr'><strong>cum</strong></span> <span class='ocrx_word' id='word_1_175' title='bbox 752 1888 909 1934; x_wconf 85' lang='lat' dir='ltr'><strong>ceteris</strong></span> <span class='ocrx_word' id='word_1_176' title='bbox 930 1887 1072 1950; x_wconf 86' lang='lat' dir='ltr'><strong>copiis</strong></span> <span class='ocrx_word' id='word_1_177' title='bbox 1096 1885 1328 1950; x_wconf 79' lang='lat' dir='ltr'><strong>subsequi,</strong></span> <span class='ocrx_word' id='word_1_178' title='bbox 1349 1903 1480 1933; x_wconf 83' lang='lat' dir='ltr'><strong>com-</strong></span> 
     </span>
     <span class='ocr_line' id='line_1_26' title="bbox 194 1958 1480 2024; baseline -0.003 -16"><span class='ocrx_word' id='word_1_179' title='bbox 194 1961 402 2008; x_wconf 85' lang='lat' dir='ltr'><strong>mendata</strong></span> <span class='ocrx_word' id='word_1_180' title='bbox 422 1961 474 2007; x_wconf 85' lang='lat' dir='ltr'><strong>iis</strong></span> <span class='ocrx_word' id='word_1_181' title='bbox 495 1960 695 2008; x_wconf 83' lang='lat' dir='ltr'><strong>custodia</strong></span> <span class='ocrx_word' id='word_1_182' title='bbox 716 1961 946 2024; x_wconf 85' lang='lat' dir='ltr'><strong>Pergami,</strong></span> <span class='ocrx_word' id='word_1_183' title='bbox 969 1976 1084 2023; x_wconf 84' lang='lat' dir='ltr'><strong>quos</strong></span> <span class='ocrx_word' id='word_1_184' title='bbox 1106 1958 1232 2005; x_wconf 78' lang='lat' dir='ltr'><strong>fratri</strong></span> <span class='ocrx_word' id='word_1_185' title='bbox 1249 1975 1480 2022; x_wconf 82' lang='lat' dir='ltr'><strong>regnoque</strong></span> 
     </span>
     <span class='ocr_line' id='line_1_27' title="bbox 191 2030 1478 2093; baseline -0.004 -11"><span class='ocrx_word' id='word_1_186' title='bbox 191 2032 308 2082; x_wconf 85' lang='lat' dir='ltr'><strong>fidos</strong></span> <span class='ocrx_word' id='word_1_187' title='bbox 345 2034 567 2080; x_wconf 79' lang='lat' dir='ltr'><strong>credebat.</strong></span> <span class='ocrx_word' id='word_1_188' title='bbox 606 2031 807 2090; x_wconf 85' lang='lat' dir='ltr'><strong>Consul,</strong></span> <span class='ocrx_word' id='word_1_189' title='bbox 842 2032 1100 2079; x_wconf 85' lang='lat' dir='ltr'><strong>collaudato</strong></span> <span class='ocrx_word' id='word_1_190' title='bbox 1133 2030 1332 2093; x_wconf 78' lang='lat' dir='ltr'><strong>juvene,</strong></span> <span class='ocrx_word' id='word_1_191' title='bbox 1372 2049 1478 2078; x_wconf 88' lang='lat' dir='ltr'><strong>cum</strong></span> 
     </span>
     <span class='ocr_line' id='line_1_28' title="bbox 191 2103 1477 2168; baseline -0.003 -15"><span class='ocrx_word' id='word_1_192' title='bbox 191 2106 406 2153; x_wconf 85' lang='lat' dir='ltr'><strong>omnibus</strong></span> <span class='ocrx_word' id='word_1_193' title='bbox 439 2105 584 2168; x_wconf 88' lang='lat' dir='ltr'><strong>copiis</strong></span> <span class='ocrx_word' id='word_1_194' title='bbox 626 2106 681 2152; x_wconf 86' lang='lat' dir='ltr'><strong>ad</strong></span> <span class='ocrx_word' id='word_1_195' title='bbox 713 2106 987 2151; x_wconf 81' lang='lat' dir='ltr'><strong>Maeandrum</strong></span> <span class='ocrx_word' id='word_1_196' title='bbox 1026 2103 1309 2168; x_wconf 74' lang='lat' dir='ltr'><strong>progressus,</strong></span> <span class='ocrx_word' id='word_1_197' title='bbox 1340 2103 1477 2150; x_wconf 85' lang='lat' dir='ltr'><strong>castra</strong></span> 
     </span>
     <span class='ocr_line' id='line_1_29' title="bbox 189 2177 1478 2243; baseline -0.003 -16"><span class='ocrx_word' id='word_1_198' title='bbox 189 2180 364 2243; x_wconf 79' lang='lat' dir='ltr'><strong>posuit,</strong></span> <span class='ocrx_word' id='word_1_199' title='bbox 395 2179 497 2242; x_wconf 84' lang='lat' dir='ltr'><strong>quia</strong></span> <span class='ocrx_word' id='word_1_200' title='bbox 527 2179 647 2226; x_wconf 85' lang='lat' dir='ltr'><strong>vado</strong></span> <span class='ocrx_word' id='word_1_201' title='bbox 679 2178 874 2242; x_wconf 81' lang='lat' dir='ltr'><strong>superari</strong></span> <span class='ocrx_word' id='word_1_202' title='bbox 905 2178 1046 2225; x_wconf 82' lang='lat' dir='ltr'><strong>amnis</strong></span> <span class='ocrx_word' id='word_1_203' title='bbox 1076 2194 1170 2224; x_wconf 88' lang='lat' dir='ltr'><strong>non</strong></span> <span class='ocrx_word' id='word_1_204' title='bbox 1199 2188 1406 2240; x_wconf 85' lang='lat' dir='ltr'><strong>poterat,</strong></span> <span class='ocrx_word' id='word_1_205' title='bbox 1426 2177 1478 2223; x_wconf 84' lang='lat'>&amp;</span> 
     </span>
     <span class='ocr_line' id='line_1_30' title="bbox 189 2247 1476 2309; baseline -0.005 -9"><span class='ocrx_word' id='word_1_206' title='bbox 189 2253 510 2300; x_wconf 75' lang='lat' dir='ltr'><strong>contrahendae</strong></span> <span class='ocrx_word' id='word_1_207' title='bbox 543 2268 679 2299; x_wconf 85' lang='lat' dir='ltr'><strong>naves</strong></span> <span class='ocrx_word' id='word_1_208' title='bbox 716 2265 839 2297; x_wconf 83' lang='lat' dir='ltr'><strong>erant</strong></span> <span class='ocrx_word' id='word_1_209' title='bbox 877 2251 932 2298; x_wconf 86' lang='lat' dir='ltr'><strong>ad</strong></span> <span class='ocrx_word' id='word_1_210' title='bbox 969 2250 1216 2297; x_wconf 81' lang='lat' dir='ltr'><strong>exercitum</strong></span> <span class='ocrx_word' id='word_1_211' title='bbox 1248 2247 1476 2309; x_wconf 80' lang='lat' dir='ltr'><strong>trajicien-</strong></span> 
     </span>
     <span class='ocr_line' id='line_1_31' title="bbox 190 2323 1476 2391; baseline -0.003 -20"><span class='ocrx_word' id='word_1_212' title='bbox 190 2326 309 2373; x_wconf 87' lang='lat' dir='ltr'><strong>dum.</strong></span> <span class='ocrx_word' id='word_1_213' title='bbox 329 2326 598 2391; x_wconf 72' lang='lat' dir='ltr'><strong>Tranlgreffi</strong></span> <span class='ocrx_word' id='word_1_214' title='bbox 618 2325 900 2384; x_wconf 77' lang='lat' dir='ltr'><strong>Maeandrum</strong></span> <span class='ocrx_word' id='word_1_215' title='bbox 917 2325 971 2372; x_wconf 85' lang='lat' dir='ltr'><strong>ad</strong></span> <span class='ocrx_word' id='word_1_216' title='bbox 989 2324 1154 2371; x_wconf 84' lang='lat' dir='ltr'><strong>Hieran</strong></span> <span class='ocrx_word' id='word_1_217' title='bbox 1174 2323 1351 2369; x_wconf 86' lang='lat' dir='ltr'><strong>Comen</strong></span> <span class='ocrx_word' id='word_1_218' title='bbox 1371 2338 1476 2387; x_wconf 56' lang='lat' dir='ltr'><strong>pers·</strong></span> 
     </span>
    </p>
   </div>
   <div class='ocr_carea' id='block_1_3' title="bbox 189 2414 428 2447">
    <p class='ocr_par' dir='ltr' id='par_1_3' title="bbox 189 2414 428 2447">
     <span class='ocr_line' id='line_1_32' title="bbox 189 2414 428 2447; baseline 0 0"><span class='ocrx_word' id='word_1_219' title='bbox 189 2414 428 2447; x_wconf 69' lang='lat' dir='ltr'><strong>Venerunt.</strong></span> 
     </span>
    </p>
   </div>
  </div>
 </body>
</html>
