1618 2715
212 92 307 152 284
564 89 1126 141 T1T1L1v11

213 218 282 246 rus
309 198 422 263 effla,
444 202 493 245 id
520 218 665 245 aurum
682 201 842 259 secerni
862 200 1056 254 juberem.
1079 202 1272 248 ‚Senatus
1298 198 1490 261 pontifi}

211 291 314 320 cum
341 273 581 336 collegium
608 271 782 319 consuli
810 272 954 332 justit,
981 290 1088 319 num
1111 289 1245 321 omne
1269 272 1313 319 id
1335 289 1490 319 aurum

211 346 259 393 in
288 346 420 392 ludos
452 345 656 393 consumi
691 345 910 392 neceffum
943 345 1076 391 effet?
1113 347 1228 392 Cum
1254 344 1492 407 pontifices

209 419 432 482 negassent
446 453 459 474 ‚
479 420 533 464 ad
550 419 816 481 religionem
835 417 1058 481 pertinere
1073 452 1085 474 ‚
1104 431 1269 480 quanta
1294 416 1490 479 impensa

210 490 258 537 in
278 492 406 537 ludos
425 489 579 546 fieret·,
599 490 772 537 senatus
799 490 963 536 Fulvio
981 525 995 546 ‚
1015 502 1229 552 quantum
1257 489 1490 551 impende-

210 577 297 619 ret,
323 564 544 626 permisit,
570 563 674 609 dum
707 579 762 609 ne
794 562 1006 609 summam
1042 563 1268 624 octoginta
1297 561 1491 608 millium

209 637 457 683 excederet.
492 636 790 699 Triumphare
826 635 972 682 mense
1005 635 1215 682 Januario
1248 635 1493 681 statuerat:

211 709 285 757 sed
320 728 422 758 cum
456 710 661 767 audiss'et,
699 709 934 758 consulem,
967 711 1029 756 M.
1061 708 1318 766 AEmilium,
1355 707 1492 754 literis

210 784 369 831 Aburii
390 784 555 830 tribuni
580 784 718 845 plebis
741 784 932 846 acceptis
959 783 1013 829 de
1031 783 1199 830 remissa
1220 782 1492 830 intercessio-

211 874 269 907 ne
286 893 300 915 ‚
319 857 459 919 ipsum
479 859 531 904 ad
552 857 885 920 impediendum
906 857 1181 919 triumphum
1200 858 1392 903 Romam
1410 873 1491 904 ve-

211 931 406 977 nientem
421 967 434 989 ,
452 949 617 994 aegrum
638 930 683 976 in
703 930 779 978 via
799 929 1056 987 substitisse,
1075 947 1130 976 ne
1150 930 1247 992 plus
1270 930 1317 976 in
1335 929 1490 976 trium·

209 1004 305 1067 pho
325 1004 640 1060 certaminum,
661 1020 794 1066 quam
813 1003 859 1050 in
885 1001 1006 1049 bello
1021 1037 1035 1058 ,
1056 1002 1238 1049 haberet
1254 1037 1268 1061 ,
1294 1002 1490 1065 praetulit

211 1075 427 1138 triumphi
458 1076 588 1123 diem.
636 1075 932 1137 triumphavit
968 1087 1071 1121 ante
1105 1074 1222 1122 diem
1267 1075 1491 1122 decimum

210 1148 435 1194 Kalendas
467 1147 693 1195 Januarias
724 1146 778 1192 de
810 1145 998 1203 AEtoliS,
1022 1148 1071 1193 &
1105 1146 1158 1192 de
1188 1146 1492 1210 Cephallenia.

211 1223 370 1267 Aureae
389 1237 599 1278 coronae,
617 1231 796 1267 centum
813 1217 1049 1265 duodecim
1070 1219 1229 1280 pondo
1242 1254 1255 1276 ‚
1270 1233 1371 1265 ante
1393 1234 1492 1265 cur«

212 1310 312 1339 rum
332 1292 430 1338 latae
453 1292 551 1338 sunt
573 1310 582 1338 :
603 1292 770 1355 argenti
791 1292 949 1353 pondo
972 1292 1110 1338 millia
1132 1291 1361 1355 octoginta
1382 1290 1492 1338 tria:

209 1366 307 1412 auri
322 1365 477 1428 pondo
490 1365 680 1411 ducenta
692 1363 981 1427 quadraginta
998 1362 1081 1410 tria
1096 1382 1106 1410 ε
1121 1363 1493 1410 tetradrachmum

212 1438 413 1485 Atticum
442 1448 622 1484 centum
646 1436 899 1483 octodecim
929 1435 1335 1499 mill‘iazphilippei
1360 1453 1495 1482 num·-

211 1510 275 1556 mi
299 1509 537 1556 duodecim
555 1508 693 1556 millia
713 1508 1025 1572 quadringenti
1046 1508 1211 1572 viginti
1229 1509 1319 1555 duo
1341 1525 1352 1555 ε
1373 1507 1493 1570 figna

212 1599 336 1628 cenea
358 1582 547 1628 ducenta
575 1580 805 1645 octoginta
833 1581 1063 1644 quinque:
1095 1580 1214 1644 figna
1243 1595 1493 1626 marmorea

212 1656 402 1701 ducenta
424 1654 604 1717 triginta
624 1671 637 1700 t
658 1671 777 1700 arma
791 1689 805 1711 ,
825 1653 936 1711 tela,
951 1666 1095 1700 cetera
1112 1652 1255 1715 spolia
1274 1650 1463 1702 hostium
1475 1684 1494 1706 ,

211 1743 397 1790 magnus
423 1742 648 1773 numerus.
676 1726 729 1771 ad
762 1727 853 1772 hoc
884 1726 1138 1788 catapultae,
1166 1715 1494 1781 ballist⁴ae‚tor-

213 1815 363 1848 menta
382 1800 531 1846 omnis
552 1799 722 1863 generis
743 1816 752 1844 :
774 1799 932 1856 duces,
954 1810 1030 1845 aut
1061 1797 1202 1844 AEtoli
1231 1797 1280 1842 &
1300 1794 1495 1856 Cephal-

212 1874 334 1920 lenes
351 1908 364 1929 ‚
384 1885 456 1918 aut
486 1870 594 1933 regii
618 1870 673 1916 ab
698 1869 934 1917 Antiocho
955 1869 1018 1915 ibi
1048 1868 1186 1915 relicti
1201 1903 1216 1925 ,
1244 1867 1302 1913 ad
1327 1866 1500 1928 septem.

213 1948 264 1993 δέ
279 1945 453 2007 viginti.
472 1943 646 1990 Multos
664 1958 721 1992 eo
746 1942 816 1990 die
828 1977 841 1998 ,
856 1936 1115 2005 priusquam
1127 1939 1172 1986 in
1188 1939 1343 1985 urbem
1361 1939 1494 1985 inve-

214 2019 410 2074 heretur,
423 2017 468 2062 in
483 2017 606 2064 circo
621 2016 841 2063 Flaminio
856 2015 1065 2061 tribunos
1076 2049 1088 2071 ‚
1103 2012 1334 2076 praefectos
1345 2047 1358 2069 ,
1371 2010 1493 2074 equi-

215 2103 305 2148 tes,
324 2088 639 2143 centuriones2
657 2089 887 2134 Romanos
904 2086 1162 2151 sociosque,
1180 2085 1311 2132 donis
1328 2084 1495 2131 milita-

213 2163 337 2209 ribus
363 2161 565 2208 donavit.
599 2159 815 2206 militibus
842 2176 899 2205 ex
928 2159 1076 2222 praeda
1104 2158 1295 2206 vicenos
1324 2155 1493 2219 quinos

216 2234 425 2280 denarios
444 2232 616 2285 divisit,
642 2232 804 2294 duplex
827 2231 1105 2288 centurion-i,
1122 2229 1286 2290 triplex
1305 2225 1459 2289 equiti.

281 2309 354 2352 VI.
375 2308 467 2353 Jam
485 2304 788 2353 consularium
812 2303 1105 2350 comitiorum
1127 2298 1362 2362 appetebat
1382 2311 1494 2343 tem-

218 2394 326 2441 pus3
344 2378 504 2443 quibus
534 2378 640 2443 quia
665 2378 730 2426 M.
761 2375 987 2435 AEmilius,
1008 2373 1131 2435 cujus
1160 2370 1289 2428 sortis
1315 2387 1361 2418 ea
1391 2385 1492 2418 cura
