1618 2715
335 139 875 188 HisToRIARUM
910 138 1036 184 ΜΒ.
1071 137 1168 185 xi..
1328 153 1426 201 377:

144 248 298 296 triduo
327 247 580 296 ascenderat
596 282 610 304 ,
630 245 771 293 biduo
798 244 860 291 est
885 242 1126 307 degressus,
1145 241 1314 306 frigora
1335 259 1429 288 no·-

147 324 301 369 &urna
321 321 510 368 maxime
529 331 730 367 metuens
746 355 760 376 ‚
783 334 886 381 quae
907 316 1122 364 caniculae
1142 328 1250 361 ortn
1269 314 1427 361 similia

147 393 421 441 brumalibus
439 406 579 440 erant.
608 393 764 438 Multis
786 407 865 453 per
884 405 962 437 eos
982 389 1075 435 dies
1094 386 1430 434 difficultatibus

147 467 458 525 conflictatus,
490 466 633 513 nihilo
658 465 831 511 laetiora
855 463 902 510 in
930 461 1077 511 castris
1107 461 1312 509 invenit:
1350 461 1430 507 ubi

146 539 313 587 summa
341 540 527 602 penuria
553 551 647 586 erat
665 574 678 596 ‚
700 551 751 585 ut
769 538 816 584 in
837 537 1022 601 regione
1038 572 1053 594 ,
1075 552 1207 599 quam
1226 534 1280 581 ab
1300 533 1430 580 omni

148 626 272 675 parte
305 612 564 660 solitudines
594 612 867 659 clauderent.
902 613 1054 674 Itaque
1083 626 1224 656 unum
1253 621 1430 655 tantum

122 700 125 705 ·
147 697 350 732 moratus
378 686 495 732 diem
510 722 524 745 ‚
547 684 707 749 quietis
729 701 887 730 eorum
911 682 1062 741 causa,
1080 698 1193 745 quos
1216 682 1433 728 habuerat

147 757 295 805 secum
307 795 321 818 ‚
339 758 498 805 itinere
517 758 621 805 inde
640 757 769 804 fimili
787 756 904 820 fugae
921 755 967 802 in
983 753 1286 802 Dentheletos
1303 752 1436 802 trans-

144 831 298 878 currit.
332 831 454 878 Socii
478 843 632 877 erant:
666 829 739 876 sed
764 839 952 892 propter
976 826 1181 890 inopiam
1210 826 1332 872 haud
1364 824 1432 871 se-

150 920 228 950 cus
260 920 394 966 quam
424 903 618 950 hostium
645 901 755 949 fines
778 901 1051 948 Macedones
1078 898 1286 961 populati
1321 897 1435 946 sunt.

150 976 368 1038 rapiendo
406 975 526 1022 enim
558 975 710 1038 paffim
740 974 872 1021 villas
901 973 1127 1036 primum,
1163 971 1267 1018 dein
1297 969 1436 1035 quos-

151 1052 251 1096 dam
284 1051 413 1098 vicos
443 1050 575 1097 etiam
604 1049 858 1099 evastarunt
876 1085 889 1107 ‚
913 1065 1008 1095 non
1032 1049 1122 1093 fine
1149 1046 1434 1109 magno‘pu-

151 1124 263 1170 dore
280 1124 416 1188 regis,
435 1141 534 1171 cum
556 1124 783 1171 sociorum
803 1139 962 1180 voces,
982 1119 1284 1184 nequidquam
1305 1119 1436 1165 Deos

152 1195 338 1243 sociales
358 1213 618 1259 nomenque
639 1196 761 1243 suum
781 1196 1073 1258 implorantes
1088 1230 1102 1253 ,
1121 1193 1306 1240 audiret.
1326 1195 1435 1238 Fru-

152 1279 309 1313 rrento
330 1268 433 1314 inde
455 1267 654 1324 sublato,
674 1267 720 1313 in
743 1267 979 1314 Maedicam
997 1264 1234 1329 regi-effus,
1253 1263 1435 1319 urbem,

152 1357 284 1403 quam
307 1342 482 1388 Petram
503 1340 748 1403 appellant,
767 1356 1028 1404 oppugnare
1045 1338 1107 1385 est
1126 1338 1324 1384 adortus.
1345 1334 1438 1397 ipse

151 1431 174 1460 a
204 1414 437 1477 campestri
463 1414 587 1460 aditu
606 1414 742 1460 castra
759 1413 921 1476 posuit.
949 1412 1153 1459 Perseum
1172 1410 1313 1459 filium
1333 1425 1436 1456 cum

152 1487 333 1534 modica
357 1503 495 1533 manu
518 1486 834 1545 circummisit,
858 1499 906 1533 ut
935 1504 960 1534 a
986 1485 1291 1549 superioribus
1320 1482 1438 1529 locis

152 1560 310 1607 urbem
340 1560 666 1624 aggrederetur.
701 1560 965 1624 Oppidani,
994 1577 1094 1607 cum
1126 1571 1274 1605 terror
1300 1552 1436 1602 undi-

152 1649 239 1696 que
266 1633 445 1680 instaret
460 1669 473 1691 ‚
495 1633 722 1680 obsidibus
755 1633 866 1680 datis
881 1669 895 1692 ,
916 1633 963 1679 in
989 1632 1222 1695 praesentia
1254 1630 1438 1676 dedide-

155 1718 260 1752 runt
278 1704 379 1753 sese.
399 1705 536 1752 iidem
554 1741 566 1763 ‚
587 1705 824 1769 postquam
847 1704 1067 1752 exercitus
1090 1703 1285 1759 recellit,
1304 1700 1440 1746 obliti

155 1777 387 1833 obsidum,
419 1777 570 1824 relicta
605 1777 746 1835 urbe,
770 1777 818 1823 in
849 1776 951 1830 loca
985 1776 1157 1827 munita
1183 1776 1234 1822 &
1260 1784 1440 1820 montes

154 1849 429 1914 refugerunt.
464 1851 695 1913 Philippus
709 1886 722 1908 ,
742 1849 869 1895 omni
889 1864 1050 1912 genere
1069 1847 1238 1893 laboris
1261 1847 1351 1892 fine
1370 1843 1441 1889 ul-

127 1975 139 1984 ,
158 1923 204 1970 lo
225 1923 383 1970 effeeiu
413 1924 603 1987 fatigatis
627 1923 868 1980 militibus,
889 1924 941 1970 &
957 1922 1108 1968 fraude
1127 1918 1332 1983 praetoris
1350 1916 1439 1964 Di-

158 1998 226 2043 dae
253 1997 389 2044 auctis
417 1997 466 2044 in
490 1996 632 2044 filium
664 1995 1018 2061 suspicionibus,
1045 1995 1092 2041 in
1122 1990 1440 2041 Macedoniam

158 2071 302 2119 rediit.

223 2146 391 2192 XXIII.
428 2145 582 2194 Miffus
611 2145 687 2192 hic
703 2173 705 2175 ·
719 2161 872 2193 comes
888 2182 901 2205 ‚
924 2144 1012 2210 (ut
1029 2156 1135 2206 ante*
1160 2142 1323 2189 dicium
1343 2138 1441 2203 est)

161 2235 266 2266 cum
288 2219 615 2282 simplicitatem
634 2219 813 2281 juvenis
832 2219 1028 2278 incauti,
1046 2220 1095 2266 &
1114 2217 1199 2264 suis
1216 2213 1444 2262 haudim-

163 2290 324 2338 merito
356 2292 650 2340 succensentiS
663 2329 677 2352 ,
711 2292 969 2339 assentando
1000 2288 1366 2354 indignandoque
1396 2287 1447 2333 &

166 2363 256 2425 ipse
280 2364 430 2415 vicem
459 2365 552 2429 ejus
569 2402 580 2419 ‚
602 2378 820 2429 captaret,
841 2366 889 2412 in
918 2365 1072 2412 omnia
1093 2363 1215 2410 ultro
1236 2361 1353 2417 suam
1373 2358 1448 2405 of-

166 2433 309 2484 ferens
326 2453 509 2502 operam
524 2475 537 2500 ,
554 2438 642 2486 fide
661 2440 758 2486 data
774 2475 786 2498 ,
803 2455 963 2487 arcana
981 2437 1074 2501 ejus
1091 2437 1261 2485 elicuit.
1280 2438 1444 2498 Fugam
