1618 2715
273 84 822 134 HISTORIARUM
852 85 979 130 LIB.
1013 84 1234 132 XXXVI.
1336 85 1392 133 81

117 191 391 240 Limnaeam
380 208 444 238 ire
465 189 663 254 placuit.
684 189 861 262 Baebius
881 187 1039 235 restitit
1058 188 1113 235 ad
1138 189 1399 240 Pellinaeum

116 260 484 336 Oppugnandum.

181 340 305 386 XIV.
343 337 425 383 Per
448 352 527 384 eos
551 335 669 383 forte
699 330 791 382 dies
814 330 991 380 Manius
1009 329 1180 381 Acilius
1210 334 1400 395 consul,
1397 346 1404 355 ¹

117 429 222 460 cum
267 412 419 458 decem
459 404 681 457 millibus
702 409 930 473 peditum,
976 409 1152 456 duobus
1200 410 1309 456 milli
1299 411 1400 457 bus

117 480 350 550 e'quitum,
378 482 637 546 quindecim
657 483 926 546 elephantis,
951 482 1062 528 mari
1081 481 1294 544 trajecto,
1319 500 1402 546 pe-

118 557 281 622 destres
302 557 407 619 copi
411 574 454 603 as
476 556 683 604 Lariffam
704 557 866 605 ducere
886 556 1079 604 delectos
1106 557 1299 605 militum
1319 559 1403 604 tri-

117 631 267 683 bunos
301 627 430 709 juffit5
461 628 552 691 ipse
585 646 687 677 cum
718 629 917 693 equitatu
944 630 1185 676 Limnaeam
1215 630 1270 677 ad
1296 630 1404 676 Phi-

117 703 290 765 lippum
322 702 461 749 venit.
493 702 707 753 Adventu
738 701 931 748 consulis
964 702 1133 748 deditio
1162 702 1253 749 fine
1285 719 1404 749 cun·-

120 773 315 823 &atione
341 773 402 821 est
429 773 566 821 facta:
596 774 896 835 traditumque
929 774 1180 836 praefidium
1200 774 1369 838 regium
1386 810 1404 835 ,

120 850 172 896 &
195 865 296 896 cum
314 846 366 892 iis
386 847 672 893 Athamanes
698 845 769 892 Ab
787 847 982 892 Limnaea
1004 846 1263 893 Pellinaeum
1286 864 1407 900 con-··¹

121 914 187 967 sul
216 918 525 982 proficiscitur.
562 918 626 964 Ibi
657 918 789 979 primi
823 919 1091 965 Athamanes
1122 919 1406 967 tradiderunt

121 988 235 1051 sese,
271 991 430 1038 deinde
465 993 516 1038 &
550 990 783 1053 Philippus
821 986 1268 1053 Megalopolitanus:
1305 993 1405 1052 cui,

123 1062 356 1120 decedenti
377 1065 429 1112 de
449 1064 682 1128 praefidio‚
701 1081 803 1111 cum
822 1063 986 1111 obvius
1004 1063 1121 1110 torte
1138 1059 1282 1110 fuisset
1299 1065 1408 1111 Phi-

121 1123 271 1202 lippus
306 1156 411 1197 rex‚
444 1137 498 1184 ad
532 1137 772 1184 ludibrium
808 1153 959 1200 regem
996 1153 1097 1183 eum
1135 1137 1406 1185 consalutari

122 1209 265 1279 juffit3
296 1212 385 1276 ipse
420 1212 673 1275 congressus
704 1211 912 1268 fratrem,
947 1210 1067 1256 haud
1100 1209 1201 1258 sane
1234 1213 1406 1260 decoro

122 1283 339 1347 majestati
374 1280 505 1331 suae
478 1302 631 1346 joco,
663 1282 922 1346 appellavit.
955 1283 1188 1329 Deductus
1219 1283 1321 1330 inde
1351 1285 1407 1331 ad

124 1358 356 1407 consulem
386 1357 598 1406 custodiri
624 1357 757 1420 jussus
774 1393 788 1414 ,
821 1358 869 1403 &
895 1355 1051 1402 haud
1040 1369 1098 1402 ita
1129 1357 1275 1403 multo
1306 1359 1407 1419 post

124 1427 172 1479 in
195 1431 387 1479 vinculis
418 1432 611 1477 Romam
633 1430 794 1476 missus.
828 1442 973 1475 cetera
1000 1429 1244 1476 multitudo
1266 1432 1409 1478 Atha·-

126 1521 308 1551 manum
338 1516 411 1549 aut
437 1503 631 1549 militum
652 1502 871 1548 Antiochi
898 1501 1038 1564 regis,
1061 1519 1162 1564 quae
1183 1501 1229 1547 in
1259 1501 1409 1564 praefi*

125 1576 211 1622 diis
255 1575 511 1622 deditorum
550 1591 629 1636 per
665 1591 743 1620 eos
789 1573 879 1620 <lies
917 1572 1193 1636 oppidorum
1236 1570 1407 1634 fuerat,

125 1646 337 1712 Philippo
356 1648 513 1695 tradita
534 1648 626 1712 regi
652 1648 723 1694 est.
757 1647 879 1694 fuere
905 1660 1052 1694 autem
1083 1648 1135 1694 ad
1157 1649 1239 1694 tria
1267 1649 1409 1696 millia

125 1722 376 1782 hominum.
418 1720 591 1767 Consul
627 1720 830 1767 Lariffam
870 1720 931 1766 est
966 1720 1222 1782 profectus,
1258 1718 1320 1766 ibi
1354 1721 1410 1767 de

129 1795 298 1849 summa
319 1793 423 1840 belli
456 1793 802 1841 consultaturus.
838 1793 884 1838 in
915 1793 1074 1840 itinere
1104 1794 1157 1840 ab
1183 1794 1325 1840 Pieria
1357 1796 1409 1843 δε

130 1865 380 1930 Metropoli
411 1864 543 1929 legati
569 1867 790 1913 tradentes
818 1865 949 1912 urbes
977 1865 1070 1912 suas
1092 1879 1407 1913 occurrerunt.

129 1940 362 2002 Philippus
376 1975 388 1997 ‚
403 1940 705 1985 Athamanum
729 1939 951 2001 praecipue
970 1939 1160 2001 captivis
1176 1938 1411 2001 indulgen:-

131 2023 199 2057 ter
230 2009 419 2063 habitis,
443 2026 492 2055 ut
522 2027 599 2072 per
627 2026 704 2055 eos
737 2010 1000 2056 conciliaret
1028 2023 1227 2072 gentem,
1259 2011 1411 2056 nactus

130 2078 251 2145 spem
287 2082 562 2129 Athamaniae
594 2082 854 2145 pofiundae,
888 2081 1134 2129 exercitum
1164 2099 1221 2128 eo
1256 2082 1412 2140 duxit,

130 2152 360 2218 praemiffis
386 2155 431 2200 in
460 2154 667 2202 civitates
694 2155 897 2217 captivis.
928 2152 984 2200 Et
1013 2154 1078 2199 illi
1105 2171 1311 2217 magnam
1330 2172 1413 2200 au*

131 2227 384 2276 {toritatem
418 2228 536 2289 apud
566 2226 801 2290 populares
826 2228 1102 2285 habuerunt,
1130 2225 1413 2273 clementiam

135 2317 236 2368 erga
256 2300 296 2348 se
315 2299 431 2364 regis
451 2298 891 2363 munificentiamque
911 2292 1342 2346 commemorantes:
1363 2299 1414 2346 &

134 2375 453 2438 Amynander,
489 2373 613 2435 cujus
649 2373 873 2438 praesentis
910 2366 1109 2436 majestas
1147 2372 1324 2437 aliquos
1365 2371 1414 2419 in

207 2447 256 2496 T.
281 2447 373 2501 Liy.
401 2448 446 2496 V
444 2452 500 2498 ol.
532 2451 576 2493 V
574 2449 611 2495 I
1128 2447 1160 2492 F
