1618 2715
282 153 826 205 HISTORIARUM
860 152 985 199 LIB.
1019 151 1216 198 XXXV.
1340 166 1390 196 11

116 262 317 313 Latinam
348 264 393 310 in
413 281 569 327 agrum
583 261 839 309 Thurinum
865 257 1093 306 triumviri
1115 256 1397 302 deduxerunt

117 337 206 383 Cn.
231 336 426 383 Manlius
455 336 625 393 Vulso,
659 337 706 382 L.
742 332 950 397 Apustius
984 331 1141 388 Fullo,
1172 330 1230 388 Q.
1258 327 1399 374 AElius

118 409 329 468 Tubero,
368 408 494 471 cujus
533 409 627 472 lege
661 405 978 454 deducebatur.
1025 403 1109 449 tria
1148 401 1288 447 millia
1322 415 1399 461 pe-

117 482 257 529 ditum
288 482 377 528 iere
396 519 409 541 ,
440 482 628 529 trecenti
648 480 817 544 equites
836 498 846 526 :
874 493 1086 524 numerus
1104 475 1290 538 exiguus
1310 489 1396 534 pro

117 554 249 617 copia
280 554 386 618 agri.
421 554 534 601 Dari
563 565 751 616 potuere
769 552 939 598 tricena
962 548 1112 611 jugera
1136 547 1180 593 in
1202 545 1399 608 pedites,

117 627 330 690 sexagena
368 627 414 673 in
449 628 633 691 equites.
665 625 853 688 Apustio
885 624 1067 671 auctore
1087 658 1101 680 ‚
1137 619 1275 675 tertia¹
1298 633 1401 681 pars

116 699 211 763 agri
239 700 382 747 demta
406 699 491 746 est:
526 717 618 764 quo
650 697 828 762 postea,
852 696 883 743 si
913 695 1111 751 vellent,
1139 708 1293 739 novos
1315 706 1400 736 co·-

117 770 254 817 lonos
291 772 538 819 adscribere
572 771 760 834 possent.
797 769 971 816 Vicena
1006 767 1160 831 jugera
1194 764 1401 828 pedites,

119 848 403 911 quadragena
430 847 601 910 equites
634 858 918 908 acceperunt.

183 921 242 966 X.
276 922 325 965 ln
356 919 477 965 exitu
503 918 589 980 jam
619 934 762 963 annus
794 928 916 973 erat,
951 911 1206 962 &ambitio
1240 908 1404 973 magis,

119 1010 254 1057 quam
287 1009 484 1055 unquan
515 992 648 1047 alias,
682 988 900 1036 exarserat
925 985 1233 1034 consularibus
1254 982 1404 1030 comi-

119 1065 207 1112 tiis.
235 1064 365 1110 multi
386 1065 434 1111 &
454 1076 662 1127 potentes
681 1062 891 1125 petebant
919 1058 1094 1123 patricii
1122 1055 1403 1121 plebejique:

119 1139 165 1184 P.
203 1136 447 1183 Cornelius
487 1138 573 1183 Cn.
613 1134 728 1181 filius
766 1134 953 1196 Scipio,
985 1132 1063 1195 qui
1100 1148 1157 1177 ex
1190 1126 1403 1190 Hispania

109 1210 357 1273 provincia
386 1228 529 1272 nuper
559 1208 795 1256 decesserat
818 1206 990 1288 magnis
1011 1205 1140 1253 rebus
1173 1201 1332 1267 gestis,
1352 1200 1404 1247 &

117 1284 167 1329 L.
188 1283 428 1343 Quinctius
458 1283 759 1339 Flamininus,
787 1280 863 1344 qui
885 1278 1032 1327 claffi
1023 1296 1069 1324 m
1091 1275 1269 1324 Graecia
1291 1291 1404 1336 prae-

119 1353 165 1402 fi
155 1367 287 1414 erat
325 1358 478 1403 &Cn.
501 1355 694 1403 Manlius
731 1353 902 1411 Vulso,
934 1351 978 1398 hi
1010 1348 1201 1414 patricii.
1236 1343 1402 1406 Plebeji

119 1440 268 1475 autem
294 1431 347 1475 C.
368 1429 557 1486 Laelius,
581 1428 667 1474 Cn.
691 1426 837 1474 Domi
840 1425 955 1481 tius,
987 1424 1040 1471 C.
1062 1421 1214 1468 Livius
1232 1417 1406 1465 Salina-

119 1513 222 1560 tor,
254 1504 334 1550 Μ’.
356 1504 541 1551 Acilius,
574 1502 647 1548 sed
670 1502 874 1549 omnium
905 1498 1028 1545 oculi
1055 1498 1101 1544 in
1135 1492 1404 1556 Qrdnffium

122 1574 483 1638 Corneliumque
519 1574 726 1636 conjecti.
774 1588 876 1618 nam
905 1573 956 1620 &
991 1571 1038 1616 in
1074 1586 1215 1616 unum
1248 1567 1404 1613 locum

119 1647 331 1709 petebant
359 1649 492 1694 ambo
521 1647 729 1710 patricii,
761 1646 810 1693 &
836 1645 902 1692 rei
929 1643 1132 1690 militaris
1163 1639 1307 1705 gloria
1334 1655 1406 1685 re-

121 1735 227 1766 cens
246 1733 485 1784 utrumque
508 1718 867 1768 commendabat.
890 1717 1105 1763 Ceterum
1124 1725 1224 1762 ante
1251 1712 1407 1759 omnia

121 1803 345 1840 certamen
378 1793 684 1840 accendebant
724 1791 879 1837 fratres
914 1788 1281 1843 candidatorum,
1314 1785 1407 1831 duo

123 1866 344 1913 clarissimi
380 1867 517 1914 aetatis
548 1867 633 1913 suae
664 1867 968 1928 imperatores.
1004 1860 1152 1923 major
1182 1859 1327 1923 gloria
1358 1859 1405 1904 in

122 1939 363 2002 Scipione:
402 1943 480 1993 &‚
514 1956 607 2003 quo
635 1937 813 2000 major,
851 1953 908 1983 eo
939 1934 1132 1999 propior
1167 1932 1407 1979 invidiam.

123 2012 328 2073 Quinctii
361 2014 617 2072 recentior,
651 2025 700 2059 ut
731 2012 810 2076 qui
841 2028 897 2058 eo
929 2028 1050 2058 anno
1087 2008 1405 2073 triumphasset.

125 2086 404 2144 Accedebat,
438 2087 566 2150 quod
591 2087 702 2133 alter
722 2085 946 2133 decimum
966 2083 1052 2146 jam
1075 2100 1218 2147 prope
1239 2098 1406 2129 annum

125 2160 317 2207 affiduus
334 2159 380 2206 in
405 2160 550 2208 oculis
578 2160 819 2207 hominum
847 2158 1012 2214 fuerat3
1044 2174 1142 2221 quae
1167 2172 1237 2202 res
1259 2155 1408 2201 minus

126 2233 349 2280 verendos
370 2249 556 2297 magnos
574 2232 782 2279 homines
802 2232 894 2295 ipsa
915 2232 1107 2278 satietate
1128 2229 1261 2277 facit:
1290 2245 1408 2274 con-

126 2304 188 2351 sul
217 2305 379 2352 iterum
415 2306 514 2368 post
549 2306 775 2353 devictum
797 2305 1123 2363 Hannibalem,
1162 2301 1410 2365 censorque

126 2377 282 2425 fuerat.
314 2381 363 2426 In
379 2378 597 2440 Quinctio
622 2395 746 2425 nova
766 2381 815 2426 &
836 2378 1032 2425 recentia
1056 2375 1210 2424 omnia
1228 2375 1283 2421 ad
1306 2391 1409 2438 gra-

124 2451 234 2500 tiam
258 2464 408 2501 erant:
440 2452 552 2500 nihil
571 2469 655 2501 nec
677 2452 863 2516 petierat
882 2469 904 2499 a
923 2451 1100 2516 populo
1121 2449 1223 2514 post
1246 2448 1410 2496 trium-
