1618 2715
262 124 799 176 HlsToRlARUM
836 121 1251 168 LIB.XXXV111.
1320 135 1413 183 207

130 235 242 283 lium
269 254 294 284 a
321 234 462 281 fundo
495 230 724 296 pertusum
745 266 759 288 ,
791 246 880 293 qua
900 227 1042 274 fistula
1071 226 1251 273 modica
1279 226 1413 273 inseri

131 311 276 373 poffet
294 345 308 367 ‚
343 309 394 355 &
435 305 622 353 fistulam
663 304 849 350 ferream
888 300 1247 363 operculumque
1299 300 1412 346 dolii

131 380 324 427 ferreum
343 416 358 436 ,
394 380 445 425 &
472 378 612 440 ipsum
644 375 845 438 pluribus
878 372 989 418 locis
1017 371 1318 434 perforatum,
1350 371 1416 418 fe-

133 465 308 499 cerunt.
339 452 427 497 hoc
446 449 742 511 tenui-pluma
763 445 1038 507 completum
1061 444 1238 489 dolium
1259 460 1337 490 ore
1367 443 1416 490 in

134 524 393 571 cuniculum
412 522 547 568 verso
572 519 829 584 posuerunt.
865 518 946 565 Per
967 515 1171 578 operculi
1194 514 1416 563 foramina

133 597 379 660 praelongae
413 595 572 652 hastae,
601 610 707 656 quas
739 591 898 638 sariffas
923 604 1119 647 vocant,
1152 590 1206 634 ad
1232 589 1418 635 submo-

135 671 314 717 vendos
332 669 479 716 hostes
497 669 768 715 eminebant.
789 664 1024 712 scintillam
1045 663 1189 710 levem
1208 664 1322 727 ignis
1345 663 1419 710 in-

137 742 277 790 ditam
304 742 495 805 plumae,
522 739 633 786 folle
660 738 809 786 fabrili
841 737 895 783 ad
924 752 1057 798 caput
1081 734 1238 782 fistulae
1272 736 1420 798 impo-

137 816 251 874 fito,
283 815 435 862 flando
467 813 780 861 accenderunt.
819 810 923 856 inde
954 826 1050 856 non
1082 808 1224 854 solum
1262 826 1421 872 magna

130 891 208 938 vis
227 891 365 949 fumi,
384 890 455 937 sed
482 888 630 936 acrior
652 887 784 934 etiam
813 884 941 931 foedo
966 884 1163 947 quodam
1184 884 1343 930 nidore
1365 901 1422 930 ex

140 965 289 1011 adusta
319 964 493 1025 pluma,
528 978 628 1008 cum
662 973 809 1006 totum
836 957 1095 1005 cuniculum
1130 957 1422 1019 complesset,

141 1038 221 1086 vix
243 1037 398 1083 durare
419 1035 648 1099 quisquam
669 1033 788 1078 intus
808 1042 1000 1094 poterat.

210 1111 326 1156 VIII.
359 1109 476 1155 Cum
503 1107 547 1153 in
567 1107 657 1152 hoc
686 1105 793 1151 statu
820 1121 889 1150 res
908 1104 961 1150 ad
982 1101 1266 1150 Ambraciam
1289 1102 1421 1158 esset,

143 1182 278 1246 legati
305 1183 361 1229 ab
377 1181 538 1228 AEtolis
565 1180 775 1225 Phaeneas
796 1180 843 1225 ἃ
865 1176 1158 1229 Damotele8‚
1187 1193 1287 1222 cum
1309 1176 1423 1221 libe-

142 1257 202 1302 τὶς,
233 1255 478 1312 mandatis,
515 1254 696 1299 decreto
728 1251 900 1315 gentis,
930 1251 983 1296 ad
1017 1249 1247 1295 consulem
1282 1266 1426 1295 vene-

142 1342 260 1375 runt.
295 1346 395 1375 nam
427 1339 593 1391 praetor
624 1342 814 1383 eorum,
840 1340 941 1371 cum
977 1323 1061 1369 alia
1091 1335 1214 1385 parte
1234 1323 1426 1369 Ambra-

144 1402 259 1448 ciam
280 1399 531 1464 oppugnari
553 1410 780 1455 cerneret,
813 1397 896 1443 alia
922 1395 1121 1442 infestam
1141 1411 1267 1441 oram
1294 1394 1426 1442 navi-

145 1475 227 1522 bus
255 1475 448 1521 hostium
481 1473 593 1530 effe,
624 1472 708 1518 alia
727 1470 1060 1533 Amphilochos
1081 1468 1428 1531 Dolopiamque

147 1564 173 1594 a
208 1547 536 1593 Macedonibus
572 1544 766 1600 vastari,
799 1559 881 1588 nec
899 1542 1078 1588 AEtolos
1106 1540 1234 1587 simul
1262 1541 1318 1587 ad
1344 1541 1429 1588 tria

146 1620 321 1667 diversa
347 1620 460 1665 bella
477 1618 762 1665 occursantes
781 1617 1002 1670 sufficere,
1033 1627 1297 1662 convocato
1317 1631 1429 1660 con·

149 1693 258 1740 cilio
273 1727 287 1748 ‚
311 1692 487 1739 AEtoIos
508 1690 730 1752 principes
746 1724 759 1746 ,
780 1688 890 1751 quid
920 1688 1137 1750 agendum
1162 1686 1267 1733 effet
1282 1722 1295 1743 ‚
1318 1703 1430 1733 con·

149 1766 295 1813 suluit.
324 1765 542 1812 Omnium
568 1780 623 1810 eo
645 1762 871 1809 sententiae
896 1761 1215 1817 decurrerunt,
1249 1777 1294 1805 ut
1307 1779 1431 1821 pax,

136 1838 344 1904 stpoffiet,
371 1842 492 1899 aequis
504 1856 522 1892 ;
538 1837 587 1902 fi
602 1839 742 1882 minus
755 1871 766 1890 ,
786 1838 1011 1880 tolerandis
1037 1835 1344 1880 conditionibus
1359 1851 1432 1892 pe·

151 1928 305 1958 teretur.
342 1912 549 1956 Antiochi
569 1911 734 1969 fiducia
765 1910 911 1952 bellum
932 1907 1183 1966 sufieptum.
1218 1906 1433 1950 Antiocho

151 2000 257 2029 terra
282 1985 464 2044 marique
478 1985 676 2044 fitperato
691 2016 703 2038 ,
729 1979 771 2026 G*
783 1999 912 2040 prope
933 1994 1051 2024 extra
1082 1982 1215 2023 orbem
1239 1994 1347 2023 terrae
1366 1981 1434 2022 ul-

151 2073 217 2101 tra
229 2058 335 2117 juga
352 2058 483 2101 Tauri
503 2056 671 2109 exaffo,
689 2053 939 2114 quamspem
961 2050 1034 2113 effe
1051 2051 1285 2115 sustinendi
1304 2052 1398 2094 belli
1408 2051 1434 2092 .>

154 2130 355 2176 Phaeneas
374 2127 416 2174 fr
434 2132 676 2173 Damoteles
688 2162 703 2182 ,
724 2129 834 2186 quod
851 2145 868 2170 e
887 2145 924 2170 re
941 2129 1183 2171 AEtolorum
1199 2158 1211 2176 ‚
1231 2138 1275 2167 ut
1293 2125 1338 2167 in
1357 2122 1436 2166 tali

155 2202 281 2260 cafit,
297 2202 460 2260 fideque
479 2202 563 2261 sua
593 2197 661 2262 eſje
693 2199 918 2258 censerent,
950 2213 1123 2258 agerent.
1162 2196 1295 2254 Quod
1327 2196 1436 2240 enim

140 2272 231 2336 fibi
266 2272 504 2336 confilium,
540 2287 614 2317 aut
636 2270 755 2326 cujus
783 2272 839 2315 rei
867 2271 1091 2314 eleft't'onem
1120 2286 1145 2312 a
1167 2267 1347 2324 fortuna
1373 2284 1437 2310 re·

157 2344 333 2388 lic'i'am?
363 2342 480 2387 Cum
509 2341 574 2387 his
598 2341 818 2387 mandatis
838 2340 966 2402 legati
993 2339 1105 2385 miffi
1129 2355 1258 2385 orare
1279 2336 1438 2384 consu-

157 2415 271 2475 lem,
298 2430 343 2461 ut
363 2431 543 2477 parceret
564 2417 682 2471 urbi,
710 2414 957 2473 misereretur
980 2415 1113 2474 gentis
1142 2414 1351 2472 quondam
1358 2412 1439 2471 so-
