1618 2715
241 101 780 155 HISTORIARUM
816 108 942 156 LIB.
976 108 1199 158 XXXIX.
1298 122 1385 173 333

110 212 228 260 bana
243 247 256 269 ,
273 214 346 275 Sp.
365 210 596 258 Postumio
617 211 766 259 Sicilia
781 249 794 270 ,
810 214 859 259 L.
879 213 1026 275 Pupio
1048 213 1207 276 Apulia
1221 248 1235 272 ‚
1254 215 1302 261 L.
1317 214 1338 260 J
1342 231 1394 260 u-

109 285 178 331 lio
196 285 339 332 Gallia
353 321 366 343 ,
382 287 468 332 Cn.
486 285 658 332 Sicinio
678 286 879 332 Sardinia
895 287 1058 334 evenit.
1076 289 1125 333 L.
1142 285 1281 333 Julius
1299 303 1390 333 ma-

110 367 260 403 turare
277 356 338 403 est
355 356 501 417 juffus.
517 357 639 403 Galli
656 357 958 420 Transalpini,
979 376 1058 422 per
1075 359 1204 406 saltus
1223 359 1392 422 ignotae

111 440 241 475 antea
266 428 354 474 viae
375 428 458 491 (ut
485 440 587 475 ante
612 429 776 476 diffitm
796 429 890 492 est)
912 432 957 476 in
977 430 1140 477 ltaliam
1159 430 1391 494 transgres-

111 500 163 557 fi,
181 500 397 562 oppidum
419 500 464 547 in
486 517 612 563 agro,
631 503 709 564 qui
729 519 848 548 nunc
867 501 927 548 est
946 502 1263 566 Aquilejenfis‚
1283 502 1392 548 zedi-

111 569 321 618 ficabant.
343 571 391 617 ld
418 587 495 618 eos
513 583 564 617 ut
582 572 840 634 prohiberet
855 609 868 631 ,
890 575 1014 636 quod
1035 573 1129 634 ejus
1158 574 1248 620 fine
1268 574 1392 621 bello

110 641 279 706 poffet,
306 644 490 706 praetori
516 644 770 691 mandatum
804 644 874 690 est.
905 646 936 691 s1
963 648 1095 692 armis
1119 646 1389 708 prohibendi

111 716 249 763 ess‘ent
264 752 278 774 ,
317 716 521 763 consules
554 717 768 764 certiores
802 717 980 766 faceret.
1017 736 1073 766 ex
1108 720 1175 766 his
1211 720 1389 782 placere

115 788 301 835 alterum
327 789 539 836 adversus
563 789 721 836 Gallos
741 790 903 836 ducere
930 791 1141 854 legiones.
1173 794 1390 838 Extremo

112 861 281 923 prioris
313 861 417 907 anni
449 861 634 908 comitia
662 863 811 909 habita
839 876 962 910 erant
985 865 1031 910 in
1059 865 1284 911 demortui
1303 867 1390 914 Cn.

112 933 321 979 Cornelii
340 933 492 980 locum
512 935 689 998 auguris
710 935 969 984 sufficiendi.
992 938 1179 985 Creatus
1206 940 1277 1001 Sp.
1299 939 1391 984 Po-

111 1002 295 1050 stumius
330 1003 532 1052 Albinus.

177 1077 342 1123 XLVI.
366 1076 510 1137 Hujus
539 1077 765 1141 principio
795 1080 899 1127 anni
926 1081 971 1127 P.
992 1080 1191 1128 Licinius
1213 1082 1390 1130 Crassus

114 1147 324 1211 pontifex
345 1149 562 1196 maximus
589 1163 794 1198 mortuus
816 1152 903 1200 est:
928 1154 975 1199 in
998 1152 1124 1214 cujus
1146 1155 1297 1201 locum
1327 1159 1390 1204 M.

111 1221 401 1283 Sempronius
415 1222 666 1269 Tuditanus
686 1225 894 1285 pontifex
914 1225 972 1271 est
993 1240 1231 1287 cooptatus
1252 1245 1262 1273 :
1282 1244 1388 1289 pon·

111 1291 223 1348 tifex
244 1293 462 1339 maximus
491 1293 551 1340 est
574 1310 746 1341 creatus
771 1297 822 1342 C.
843 1296 1061 1343 Servilius
1090 1298 1321 1346 Geminus.
1341 1300 1389 1348 P.

111 1364 275 1419 Licinii
296 1364 462 1411 funeris
489 1365 614 1412 causa
634 1366 874 1414 visceratio
905 1370 1027 1427 data,
1047 1372 1096 1417 ὃ(
1124 1370 1391 1432 gladiatores

112 1448 294 1483 centurn
323 1436 487 1498 viginti
516 1451 858 1500 pugnaverunt,
881 1440 930 1486 &
961 1440 1056 1487 ludi
1085 1440 1291 1489 funebres
1311 1460 1390 1505 per

111 1510 310 1556 triduum
330 1509 454 1567 faffl,
476 1510 575 1572 post
594 1510 722 1558 ludos
745 1513 939 1574 epulum.
959 1513 1006 1559 in
1026 1530 1117 1576 quo
1132 1551 1147 1572 ,
1167 1532 1267 1563 cum
1286 1529 1390 1564 toto

112 1581 219 1627 foro
245 1581 372 1628 strata
401 1582 594 1629 triclinia
623 1584 780 1641 ess'ent,
800 1585 1056 1648 tempestas,
1086 1604 1187 1633 cum
1216 1591 1389 1653 magnis

110 1656 324 1719 procellis
352 1658 706 1721 coorta‚·coegit
735 1659 973 1723 plerosque
1002 1661 1284 1709 tabernacula
1302 1663 1390 1710 sta-

112 1740 239 1776 tuere
259 1729 303 1776 in
325 1729 445 1778 foro.
476 1732 640 1778 Eadem
660 1733 794 1795 paulo
819 1736 915 1796 post
931 1771 943 1793 ‚
963 1752 1063 1782 cum
1083 1736 1279 1798 undique
1305 1738 1387 1783 dis-

111 1801 342 1848 serenasset
361 1839 374 1859 ,
411 1803 588 1851 sublata.
634 1805 953 1870 defunfiiosque
986 1807 1127 1870 vulgo
1162 1807 1390 1868 ferebant,

114 1876 242 1938 quod
268 1875 383 1922 inter
415 1876 559 1925 fatalia
585 1892 706 1925 vates
731 1879 985 1926 cecinissent
1001 1916 1014 1937 ‚
1035 1880 1201 1926 neceffe
1220 1881 1302 1926 effe
1322 1896 1390 1928 ta-

114 1948 353 1996 bernacula
379 1949 424 1995 in
445 1949 548 1996 foro
569 1950 708 1998 statui.
729 1953 821 1998 Hac
845 1952 1059 2015 religione
1079 1952 1236 2000 levatis
1253 1954 1389 2003 altera

116 2017 275 2076 injePta
291 2053 303 2073 ,
322 2020 446 2081 quod
473 2019 680 2082 sanguine
704 2037 782 2082 per
801 2022 984 2068 biduum
1014 2022 1187 2084 pluisset
1214 2024 1260 2068 in
1290 2041 1389 2072 area

116 2092 308 2140 ‘Vulcani
330 2111 340 2138 τ
359 2094 406 2140 &
427 2110 504 2155 per
524 2093 808 2140 decemviros
828 2094 1091 2157 supplicatio
1114 2097 1274 2144 indic-la
1297 2111 1389 2145 erat

116 2164 212 2224 ejus
247 2164 438 2226 prodigii
470 2165 679 2226 expiandi
714 2165 852 2212 causa.
893 2167 1149 2230 Priusquam
1182 2169 1389 2217 consules

114 2235 164 2282 in
193 2236 450 2298 provincias
476 2235 885 2298 proficiscerentur,
908 2239 1150 2302 legationes
1175 2240 1387 2288 transma-

115 2311 234 2356 rinas
260 2309 306 2355 in
328 2310 523 2356 senatum
553 2311 914 2360 introduxerunt.
944 2330 1025 2360 nec
1052 2331 1249 2376 unquam
1283 2329 1386 2363 ante

116 2393 290 2432 tantum
310 2383 507 2447 regionis
526 2382 620 2447 ejus
640 2384 876 2434 hominum
898 2387 1057 2435 Romae
1078 2385 1233 2437 fuerat.
1268 2389 1386 2438 Nam

1405 630 1407 656 1
