1618 2715
219 127 320 181 '434
577 113 1143 169 T1T1L1v11

220 228 341 274 Cum
362 239 547 289 utraque
568 236 700 289 gente
721 223 854 290 fignis
883 220 1063 274 collatis
1085 226 1313 276 conflixit.
1337 228 1417 277 fufi
1438 228 1511 279 fu-·

217 299 400 364 gatique
432 298 608 356 hostes,
641 297 879 362 castrisque
905 299 1029 346 exuti
1057 319 1067 347 :
1098 301 1338 350 duodecim
1368 304 1509 352 millia

218 388 500 420 armatorum
530 371 652 420 caesa.
690 370 878 419 Postero
898 371 970 419 die
991 389 1113 419 arma
1137 374 1246 421 leEla
1272 375 1442 438 conjici
1462 378 1510 424 in

219 463 435 495 acervum
458 444 580 505 juffit
608 443 796 501 consul,
825 442 1088 508 sacrumque
1115 445 1160 492 id
1188 447 1396 495 Vulcano
1416 466 1512 496 cre-

217 519 378 566 mavit.
425 518 660 581 Vi&orem
696 516 943 565 exercitum
979 517 1027 564 in
1063 518 1252 566 hiberna
1287 520 1510 570 sociarum

215 592 398 639 urbium
426 588 620 638 reduxit.
662 592 718 637 Et
744 591 798 637 C.
819 589 1069 649 Claudius,
1100 590 1240 638 literis
1269 593 1344 642 Ti.
1367 594 1509 642 Clau-

216 665 283 712 dii
314 667 364 713 δε
393 663 784 712 senatusconsulto
816 676 1006 728 accepto
1024 702 1038 723 ,
1074 683 1129 713 ex
1157 667 1280 715 Istria
1307 668 1511 733 legiones

215 737 267 786 in
302 738 484 802 Ligures
521 736 788 785 transduxit.
833 737 905 784 Ad
936 738 1226 786 Scultennam
1260 741 1428 788 flumen
1461 743 1510 790 in

216 827 407 875 campos
436 810 653 875 progressi
688 810 825 860 castra
861 810 1084 859 habebant
1112 813 1273 862 hostes.
1311 814 1377 861 lbi
1406 833 1509 863 cum

215 886 286 935 his
319 885 415 934 acie
445 885 722 946 dimicatum.
755 884 1016 947 quindecim
1050 885 1193 933 millia
1234 886 1371 943 caesa;
1410 889 1507 951 plus

214 958 488 1024 septingenti
518 971 594 1005 aut
618 958 664 1004 in
699 957 898 1021 proeli0‚
931 970 1008 1005 aut
1037 958 1084 1004 in
1117 959 1266 1007 castris
1296 962 1429 1021 (nam
1460 979 1512 1010 ea

214 1050 405 1098 quoque
435 1042 687 1096 expugnata
715 1029 850 1094 sunt)
882 1031 1028 1093 capti:
1063 1032 1114 1079 &
1147 1031 1266 1096 signa
1299 1033 1512 1082 militaria

213 1123 357 1154 unum
378 1108 429 1154 &
447 1104 782 1169 quinquaginta*
802 1118 942 1167 capta.
975 1105 1179 1170 Ligures,
1200 1106 1400 1170 reliquiae
1421 1126 1512 1156 cae-

212 1179 317 1238 dis,
354 1178 401 1224 in
432 1190 614 1224 montes
648 1177 913 1241 refugerunt
947 1180 1136 1241 paflim:
1175 1181 1508 1246 populantique

214 1254 483 1317 campestres
516 1269 648 1316 agros
686 1251 862 1300 consuli
897 1252 1020 1300 nulla
1064 1252 1248 1315 usquam
1284 1272 1507 1319 apparue-

205 1340 323 1378 runt
354 1343 489 1373 arma.
528 1324 774 1382 Claudius,
793 1325 996 1381 lduarum
1025 1324 1223 1389 gentium
1254 1344 1349 1383 uno
1383 1323 1509 1377 anno

206 1402 393 1459 victor,
427 1399 595 1447 duabus
610 1436 623 1458 ‚
650 1399 776 1462 quod
795 1415 900 1445 raro
926 1398 1038 1447 alius
1055 1436 1067 1458 ‚
1097 1399 1143 1446 in
1166 1401 1406 1449 consulatu
1423 1419 1507 1466 paq

211 1473 323 1523 tatis
354 1470 638 1535 provinciis,
675 1471 871 1517 Romam
901 1471 1105 1520 revertit.

278 1547 398 1593 Xlll.
429 1543 641 1608 Procligia
670 1560 726 1590 eo
747 1559 868 1590 anno
888 1544 1108 1592 nuntiata,
1142 1544 1189 1591 in
1208 1545 1511 1595 Crustumino

210 1635 347 1668 avem
377 1616 633 1681 sangualem
667 1615 834 1680 (quam
867 1615 1073 1681 vocant)
1113 1617 1282 1665 sacrum
1314 1620 1507 1683 lapidem

205 1691 357 1740 rostro
378 1688 596 1737 cecidisse.
617 1690 791 1735 Bovem
811 1688 857 1734 in
873 1690 1121 1752 Campania
1143 1691 1363 1740 locutum.
1384 1695 1505 1741 Vac-

205 1777 310 1813 cam
331 1779 498 1810 aeneam
518 1761 747 1826 Syracusis
773 1762 828 1808 ab
852 1762 1008 1826 agresti
1037 1775 1195 1822 tauro,
1224 1764 1302 1828 qui
1334 1782 1503 1832 pecore

207 1835 472 1893 aberrasset,
502 1834 689 1892 initam,
718 1851 768 1881 ac
795 1833 959 1882 semine
982 1835 1214 1898 aspersam.
1250 1839 1298 1883 In
1321 1838 1505 1886 Crustu-

200 1912 334 1960 ·rnino
365 1911 482 1957 diem
512 1927 653 1957 unum
680 1909 725 1956 in
755 1909 851 1972 ipso
878 1910 987 1957 loco
1011 1910 1283 1974 supplicatio
1315 1910 1426 1959 fuit:
1452 1916 1502 1962 &

202 1987 255 2035 in
285 1984 535 2049 Campania
569 1985 652 2032 bos
686 1984 844 2032 alenda
877 1984 1058 2048 publice
1091 1987 1225 2033 data:
1259 1988 1502 2052 Syracusa-

198 2077 413 2124 ·:numque
434 2059 693 2123 prodigium
727 2059 982 2122 expiatum,
1018 2059 1150 2106 editis
1169 2061 1222 2107 ab
1250 2060 1501 2125 haruspici-

202 2132 289 2180 bus
318 2130 452 2190 Diis,
484 2132 647 2195 quibus
668 2130 1009 2194 supplicaretur.
1041 2130 1256 2177 Pontifex
1286 2148 1343 2179 eo
1373 2148 1497 2178 anno

198 2218 414 2263 ¹mortuus
436 2206 496 2252 est
518 2208 581 2252 M.
597 2206 810 2253 Claudius
828 2205 1068 2253 Marcellus
1084 2241 1096 2262 ,
1113 2206 1192 2270 qui
1211 2206 1367 2254 consul
1388 2223 1497 2254 cen-

205 2278 370 2342 sorque
396 2277 554 2326 fuerat.
593 2279 639 2326 in
666 2278 759 2340 ejus
787 2279 941 2326 locum
973 2278 1178 2326 suffecius
1201 2279 1262 2326 est
1283 2279 1495 2341 pontifex

202 2350 326 2399 ‘filius
357 2351 449 2414 ejus
469 2355 532 2399 M.
557 2352 811 2398 talax-cessus.
845 2353 895 2399 &
917 2354 1089 2399 Lunam
1121 2351 1307 2399 colonia.
1332 2352 1494 2400 eodem

178 2439 329 2474 anno
359 2424 451 2473 duo
474 2424 614 2474 millia
642 2424 813 2477 civium
834 2426 1151 2477 Romanorum
1171 2424 1272 2474 sunt
1292 2425 1492 2476 dedum.
