1618 2715
248 131 796 182 HISTORIARUM
831 130 956 180 LIB.
991 130 1235 180 XXXVII.
1309 141 1399 192 141'

107 250 263 306 'coepta
290 241 364 288 est.
407 241 583 288 Eodem
615 240 755 287 ferme
786 254 992 302 tempore
1024 241 1074 288 Sc
1105 240 1399 299 Antiochusj

108 315 168 362 ab
199 318 393 377 Apamea
427 313 656 376 profectus
678 348 692 371 ‚
727 313 933 360 Sardibus
965 311 1196 374 primum,
1236 313 1398 359 deinde

105 388 234 435 ‘haud
259 386 421 450 procul
443 385 618 433 Seleuci
639 384 790 433 castris
806 420 822 443 ‚
854 385 911 431 ad
938 396 1073 447 caput
1100 385 1227 432 Caici
1253 386 1397 434 amnis

110 459 272 507 stativa
303 457 459 506 habuit
479 494 493 516 ‚
527 475 629 505 cum
657 473 820 521 magno
853 458 1057 505 exercitu
1087 458 1234 506 mixto
1259 459 1399 507 variis

109 549 170 580 ex
196 531 414 596 gentibus.
443 532 690 579 Plurimum
719 530 906 578 terroris
940 531 987 579 in
1016 532 1256 579 Gallorum
1282 549 1398 580 mer-

109 605 221 653 cede
250 604 483 652 conduclis
514 615 712 667 quatuor
739 604 937 652 millibus
958 617 1064 654 erat.
1099 605 1205 664 hos,
1239 606 1395 669 paucis

110 677 358 735 admixtis,
399 677 457 724 ad
498 675 848 739 pervastandum
883 676 1038 740 paffim
1078 678 1399 740 Pergamenum

111 762 266 814 agrum
287 750 418 798 misit.
451 752 570 811 Quae
590 749 825 813 postquam
843 751 1024 796 Samum
1049 749 1149 796 sunt
1166 750 1400 806 nuntiata,

111 824 262 887 primo
294 826 540 881 Eumenes,
573 834 794 870 avocatus
827 822 1077 869 domestico
1108 821 1229 868 bello
1248 857 1261 880 ‚
1289 838 1394 868 cum

114 897 244 945 claffe
262 898 424 944 Elaeam
445 896 580 960 petit:
615 894 720 942 inde
735 931 748 952 ,
769 912 869 942 cum
891 894 1052 958 praesto
1072 894 1248 941 fuissent
1268 895 1399 958 equi-

114 983 181 1018 tes
219 970 507 1034 peditumque
536 968 766 1032 expediti,
799 969 1006 1032 praefidio
1039 984 1197 1014 eorum
1237 980 1360 1014 tutus
1380 1002 1397 1023 ‚

115 1043 371 1106 priusquam
399 1042 545 1089 hostes
574 1040 809 1099 sentirent,
840 1053 915 1087 aut
945 1052 1262 1097 moverentur,
1291 1042 1400 1086 Per-

114 1132 295 1179 gamum
321 1114 570 1162 contendit.
599 1113 663 1160 ibi
684 1112 830 1160 rursus
859 1113 978 1159 levia
1005 1129 1083 1175 per
1109 1113 1398 1159 excurfiones

115 1189 278 1251 proelia
299 1187 394 1235 fieri
428 1203 577 1250 coepta
594 1223 607 1245 ‚
638 1190 835 1233 Eumene
861 1186 1042 1233 summae
1069 1186 1133 1233 rei
1159 1187 1396 1233 discrimen

114 1262 232 1309 haud
259 1263 391 1310 dubie
422 1263 705 1309 detreclante.
743 1264 912 1310 Paucos
943 1261 1044 1324 post
1075 1261 1167 1308 dies
1199 1263 1399 1307 Romana

115 1335 382 1400 Rhodiaque
404 1335 542 1383 claffis
559 1371 573 1393 ‚
593 1348 645 1381 ut
664 1335 754 1398 regi
786 1351 920 1398 opem
944 1335 1111 1381 ferrent
1126 1370 1139 1392 ,
1160 1335 1321 1381 Elaeam
1344 1334 1400 1380 ab

115 1409 248 1456 Samo
268 1422 508 1457 venerunt.
540 1410 675 1468 Quos
704 1408 781 1455 ubi
801 1408 1048 1470 exposuisse
1069 1408 1223 1471 copias
1243 1408 1401 1465 Elaeae,

116 1485 168 1532 &
196 1496 267 1531 tot
292 1485 438 1532 claffes
469 1484 514 1531 im
533 1502 674 1530 unum
697 1483 959 1531 convenisse
980 1497 1161 1545 portum
1182 1518 1195 1539 ‚
1230 1482 1402 1528 Antio-

118 1557 207 1604 cho
231 1557 410 1604 alla'tum
436 1557 520 1610 est3
549 1559 599 1604 &
620 1556 698 1603 sub
720 1557 837 1603 idem
867 1571 1041 1619 tempus
1061 1556 1260 1613 audivit,
1284 1572 1400 1602 con-

117 1630 256 1677 sulem
286 1648 388 1678 curn
414 1631 613 1677 exercitu
642 1629 728 1691 jam
761 1630 808 1676 in
835 1629 1099 1675 Macedonia
1127 1628 1240 1685 effe,
1269 1645 1400 1691 para-

117 1704 244 1766 rique
266 1740 278 1761 ‚
302 1721 403 1767 qua:
433 1705 489 1749 ad
518 1702 748 1749 transitum
777 1701 1055 1765 Hellesponti
1089 1718 1207 1765 opus
1233 1702 1401 1756 effent;

116 1789 296 1838 tempus
327 1775 495 1822 venifl'e
524 1789 671 1831 ratus,
706 1775 856 1838 prius,
885 1792 1018 1838 quam
1051 1787 1166 1822 terra
1202 1773 1401 1835 marique

117 1849 246 1895 simul
273 1860 533 1912 urgeretur,
565 1848 725 1912 agendi
752 1848 804 1894 de
826 1864 935 1911 pace
953 1884 965 1906 ‚
1005 1847 1226 1894 tumulum
1262 1861 1403 1909 quen-

118 1923 219 1969 dam
240 1922 446 1970 adversus
459 1922 622 1968 Elaeam
645 1921 792 1968 castris
809 1921 939 1984 cepit.
956 1921 1018 1966 ibi
1034 1920 1229 1983 peditum
1253 1919 1403 1965 omni-

120 1993 204 2038 bus
236 1992 380 2054 copiis
408 1991 594 2048 rehffis,
625 2008 729 2038 cum
752 1992 952 2054 equitatu
975 1991 1132 2056 (erant
1161 2004 1307 2039 autem
1329 1991 1404 2037 sex

120 2063 261 2110 millia
286 2062 519 2125 equitum)
548 2063 594 2108 in
629 2080 813 2124 campos
837 2063 916 2110 sub
947 2064 1037 2126 ipsa
1065 2065 1197 2111 Elaeae
1231 2063 1404 2109 moenia

121 2136 371 2194 descendit,
395 2138 522 2183 miss'o
543 2138 835 2186 caduceatore
864 2139 918 2185 ad
940 2140 1170 2186 AEmilium
1186 2175 1201 2198 ,
1224 2139 1341 2188 velle
1363 2137 1405 2185 se
1429 2142 1432 2144 ’

121 2209 175 2256 de
205 2226 312 2271 pace
340 2227 482 2271 agere.

186 2283 311 2329 XIX.
339 2283 544 2329 AEmilius
561 2320 576 2341 ,
603 2287 801 2331 Eumene
825 2304 848 2331 a
870 2287 1086 2348 Pergamo
1109 2283 1259 2332 accito
1279 2317 1294 2344 ‚
1324 2285 1406 2332 ad-

121 2353 273 2399 hibitis
307 2356 354 2401 ὃ(
374 2355 589 2412 Rhodiis,
621 2358 857 2404 confilium
887 2357 1055 2403 habuit.
1096 2358 1262 2404 Rhodii
1286 2357 1406 2415 haud

122 2425 342 2489 aspernari
376 2445 556 2491 pacem:
591 2432 812 2477 Eumenes
828 2465 843 2490 ‚
869 2434 957 2477 Nec
974 2431 1181 2495 honestum
1201 2428 1302 2494 effic,
1335 2430 1406 2478 di-
