1618 2715
300 105 835 155 fflsroRiARUM
873 107 992 153 LIB.
1026 74 1288 157 xxxviii.
1358 124 1443 174 245

166 228 289 272 reas,
322 230 406 277 pro
432 211 520 260 suis
549 230 739 277 quaeque
764 212 1079 271 facultatibus,
1102 215 1354 264 attulerant.
1394 220 1452 264 Et

165 288 222 334 ab
243 286 473 334 Antiocho
491 285 623 349 legati
643 321 657 344 ‚
687 288 735 334 &
761 287 814 332 ab
838 286 940 349 ipfis
964 286 1108 334 Gallis
1124 323 1137 344 ‚
1169 301 1218 334 ut
1236 291 1360 351 pacis
1382 290 1449 336 le·-

167 378 241 423 ges
274 359 557 416 dicerentur,
590 360 639 407 &
668 359 723 406 ab
744 359 974 406 Ariarathe
994 376 1095 423 rege
1125 362 1452 424 Cappadocum

166 445 389 481 venerunt
403 469 417 491 ,
437 432 492 479 ad
512 431 692 479 veniam
710 433 945 494 petendam
959 467 973 490 ,
996 433 1289 497 luendamque
1311 453 1451 498 pecu-

166 506 240 553 nia
259 522 422 551 noxam
437 541 450 562 ‚
471 504 597 567 quod
620 504 802 551 auxiliis
820 505 1100 552 Antiochum
1118 506 1311 567 juvifl'et.
1330 508 1452 555 Huic

165 576 372 623 sexcenta
401 577 566 623 talenta
603 577 775 639 argenti
806 575 905 624 sunt
939 578 1165 640 imperata.
1205 580 1349 627 Gallis
1378 597 1450 626 re·-

164 650 374 712 sponsum
391 687 404 709 ,
427 667 530 698 cum
550 652 771 696 Eumenes
792 667 870 697 rex
891 652 1104 709 veniffet,
1122 665 1216 699 tum
1240 653 1448 700 daturum

164 723 220 770 iis
256 724 387 786 leges.
429 722 669 770 civitatum
716 723 958 786 legationes
990 741 1091 771 cum
1126 725 1334 788 benigni-s
1379 741 1450 771 re-

166 796 369 858 sponsis,
402 795 596 843 laetiores
633 794 769 842 etiam
804 813 940 859 quam
970 810 1214 855 venerant,
1252 797 1451 850 dimiffae,

170 870 385 918 Antiochi
413 870 543 933 legati
563 869 801 932 pecuniam
818 870 865 916 in
887 870 1197 933 Pamphyliam
1213 906 1226 930 ‚
1248 870 1452 916 frumen-

169 956 354 1006 tumque
370 959 430 989 ex
463 942 594 1004 pasto
626 958 730 988 cum
757 945 804 989 L.
825 942 1036 1004 Scipione
1061 943 1230 989 foedere
1250 942 1345 1002 iusti
1371 942 1453 988 ad-

170 1017 367 1070 vehere;
405 1031 462 1061 eo
493 1013 534 1060 se
563 1031 664 1061 cum
698 1015 900 1061 exercitu
929 1027 1187 1062 venturum.
1218 1016 1452 1077 Principio

168 1088 328 1135 deinde
350 1086 466 1135 veris
479 1123 492 1145 ‚
513 1086 699 1133 lustrato
718 1086 944 1145 exercitu,
966 1087 1190 1149 profectus
1205 1124 1219 1145 ‚
1239 1087 1309 1134 <lie
1328 1089 1453 1134 ocia-

166 1176 229 1205 vo
246 1163 486 1222 Apameam
505 1158 647 1206 venit.
671 1157 735 1204 ibi
753 1157 951 1204 triduum
971 1158 1138 1205 stativis
1156 1159 1343 1218 habitis,
1360 1172 1452 1206 ter·

169 1233 237 1279 tiis
266 1232 416 1279 rursus
437 1232 494 1278 ab
516 1232 713 1294 Apamea
744 1230 891 1278 castris
918 1232 964 1277 in
987 1233 1323 1296 Pamphyliam,
1356 1250 1452 1295 quo

166 1305 402 1369 pecuniam
424 1304 785 1367 frumentumque
802 1304 951 1368 regios
973 1306 1231 1353 convehere
1254 1305 1452 1366 jusserat,

169 1379 394 1442 pervenit.
421 1378 544 1424 mille
566 1379 617 1425 &
636 1377 878 1440 quingenta
898 1377 1061 1424 talenta
1078 1377 1251 1440 argenti
1269 1391 1453 1439 accepta

169 1455 413 1516 Apameam
441 1452 749 1515 deportantur.
782 1449 1055 1497 frumentum
1093 1451 1309 1498 exercitui
1331 1451 1453 1499 divi-

169 1527 302 1575 ditur.
336 1526 441 1573 Inde
472 1526 525 1572 ad
553 1527 738 1589 Pergam
765 1525 910 1572 ducit:
941 1543 1042 1589 quae
1071 1544 1160 1573 una
1188 1526 1234 1572 in
1255 1526 1308 1572 iis
1337 1526 1452 1573 locis

168 1599 296 1663 regio
328 1600 564 1645 tenebatur
597 1597 818 1661 praefidio.
855 1599 1258 1663 Appropinquanti
1289 1598 1452 1661 praefe-

169 1673 263 1719 &us
297 1671 488 1735 praefidii
524 1671 693 1718 obvius
720 1671 836 1730 fuit,
866 1672 1045 1735 triginta
1076 1673 1248 1718 dierum
1278 1684 1457 1734 tempus

168 1758 351 1808 petens,
375 1757 426 1791 ut
449 1761 594 1808 regem
616 1743 891 1791 Antiochum
913 1746 966 1791 de
982 1746 1091 1792 urbe
1110 1745 1319 1792 tradenda
1343 1762 1454 1792 con·

169 1816 340 1864 suleret.
377 1816 480 1862 dato
504 1829 738 1879 tempore,
773 1817 826 1862 ad
856 1834 955 1863 eam
984 1818 1098 1864 diem
1135 1818 1340 1880 praesidio
1377 1819 1458 1864 de-

172 1889 334 1936 cessum
355 1888 427 1934 est.
467 1891 506 1935 A
526 1890 691 1952 Perga,
720 1890 770 1935 L.
792 1889 965 1934 Manlio
985 1890 1117 1936 fratre
1141 1907 1242 1937 cum
1263 1902 1457 1952 quatuor

171 1961 366 2008 miilibus
384 1960 576 2007 militum
596 1962 812 2008 Oroanda
828 1998 840 2018 ,
861 1963 915 2009 ad
937 1964 1158 2027 reliquum
1179 1964 1378 2027 pecuniae
1398 1981 1455 2011 ex

175 2049 257 2090 eo,
277 2033 402 2095 quod
423 2033 685 2096 pepigerant
699 2070 712 2090 ‚
729 2034 992 2097 exigendum
1008 2073 1024 2094 ,
1043 2037 1170 2082 miffo
1187 2072 1202 2094 ‚
1222 2036 1337 2100 ipse,
1353 2036 1457 2100 quia

172 2109 418 2153 Eumenem
449 2123 594 2169 regem
624 2107 674 2153 &
695 2107 847 2154 decem
875 2109 1043 2172 legatos
1071 2111 1125 2157 ab
1145 2111 1291 2157 Roma
1311 2109 1459 2173 Ephe.-

172 2178 266 2225 sum
291 2178 459 2225 venifl'e
491 2179 687 2225 audierat
704 2215 716 2237 ,
742 2177 858 2237 juffis
891 2181 1011 2244 sequi
1031 2182 1246 2229 Antiochi
1271 2181 1456 2249 legatis,

174 2251 415 2313 Apameam
448 2250 698 2297 exercitum
712 2252 908 2300 reduxit.

238 2327 503 2372 XXXVIII.
530 2325 594 2371 lbi
613 2341 666 2370 ex
686 2325 838 2372 decem
865 2326 1113 2390 legatorum
1135 2325 1347 2375 feurentia
1365 2326 1456 2374 foe-

175 2398 258 2446 dus
288 2399 334 2447 in
367 2400 462 2448 haec
494 2400 630 2448 verba
661 2398 749 2446 fere
771 2417 870 2447 cum
892 2401 1128 2448 Antiochou
1151 2400 1456 2465 conscriptum

1094 2475 1200 2534 (ἐς
