1618 2715
1334 135 1427 184 349

273 302 472 359 TIT}
524 298 765 359 LIVII
815 302 1292 358 PATAVINI

148 487 1422 579 HISTORIARUM

368 706 466 752 AB
518 705 730 752 URBE
786 703 1193 752 CONDITA

487 879 833 933 LIBER
902 878 1046 934 XL.

142 1068 1097 1081 -Q———m———u———uu—
1105 1068 1423 1079 ἡ*

537 1197 579 1250 E
616 1193 798 1250 PIT
827 1193 880 1251 O
919 1195 978 1249 M
1015 1194 1057 1248 E

371 1349 556 1391 LIBRI
592 1347 1141 1409 VQUADRAGESIMI.

149 1496 247 1536 Cum
268 1493 462 1545 Philippus
481 1491 621 1531 liberos
637 1504 769 1531 eorum
782 1522 795 1539 ,
812 1503 906 1542 quos
923 1492 1143 1539 occiderat,
1162 1492 1334 1541 conquiri
1353 1492 1425 1531 ob-

206 1555 299 1593 sides
315 1553 490 1602 juiliffet,
512 1552 721 1592 Theoxena
734 1584 744 1600 ‚
762 1565 829 1602 pro
846 1552 971 1591 liberis
993 1552 1064 1590 suis
1084 1554 1118 1591 Sc
1136 1552 1269 1591 sororis
1285 1554 1426 1591 admo-

206 1618 298 1655 dum
316 1616 442 1666 pueris
456 1615 574 1653 verita
588 1616 684 1664 regis
701 1613 901 1653 libidinem
913 1645 924 1662 ,
939 1613 1092 1664 prolatis
1106 1615 1146 1652 in
1162 1615 1331 1652 medium
1349 1614 1430 1664 gla-

206 1680 279 1717 diis
295 1680 325 1717 8<
350 1675 488 1727 poculo
501 1705 512 1722 ,
528 1676 567 1714 in
584 1689 659 1725 quo
682 1686 761 1714 erat
784 1688 970 1714 venenum
984 1705 994 1723 ,
1011 1676 1119 1714 suaiit
1142 1678 1190 1714 iis
1203 1706 1213 1723 ,
1230 1685 1272 1713 ut
1295 1677 1429 1714 immi-

203 1755 295 1781 nens
312 1741 521 1780 ludibrium
539 1748 661 1781 morte
682 1738 914 1788 effugerent:
937 1739 1041 1788 quod
1062 1751 1151 1777 cum
1174 1739 1427 1789 persualiilet‚

205 1803 283 1853 ipsu
296 1802 330 1840 sc
348 1814 435 1840 cum
451 1802 531 1839 viro
547 1812 566 1837 e
582 1800 667 1838 navi
682 1800 719 1837 in
736 1812 836 1837 mare
854 1799 1115 1849 praecipitavit.
1135 1799 1349 1838 Certamina
1364 1799 1426 1836 in-

203 1873 260 1903 ter
277 1863 440 1913 Philippi
459 1862 700 1901 Macedoniae
718 1862 811 1911 regis
832 1860 972 1899 liberos
989 1860 1120 1900 Persen
1138 1862 1173 1899 δέ
1192 1860 1429 1899 Demetrium

203 1926 438 1964 referuntur:
461 1926 494 1963 &
507 1932 551 1962 ut
566 1923 697 1962 fraude
715 1923 839 1961 fratris
857 1922 909 1960 sui
929 1922 1143 1961 Demetrius
1161 1922 1332 1961 confictis
1350 1922 1429 1959 cri·-

205 1987 383 2034 minibus,
398 1987 495 2024 inter
507 1998 588 2035 quae
604 1984 848 2023 accusatione
865 1985 1059 2034 parricidii
1078 1987 1112 2023 &
1129 1983 1293 2022 affectati
1308 1984 1428 2034 regni,

205 2050 372 2098 primum
399 2048 562 2097 petitus,
585 2047 633 2085 ad
666 2046 868 2093 ultimum,
891 2048 1072 2095 quoniam
1103 2046 1236 2096 populi
1266 2046 1431 2085 Romani

207 2112 354 2148 amicus
371 2118 470 2156 erat,
490 2122 638 2147 veneno
664 2117 819 2148 necatus
840 2109 913 2155 est3
933 2121 1169 2159 regnumque
1190 2109 1431 2148 Macedoniae

207 2180 358 2209 mortuo
376 2169 552 2220 Philippo
573 2171 621 2208 ad
641 2168 774 2208 Persen
797 2169 959 2207 devenit.
980 2169 1076 2207 Item
1100 2181 1157 2207 res
1177 2169 1214 2206 in
1231 2168 1431 2219 Liguribus

207 2236 243 2272 ὅ(
256 2233 293 2270 in
310 2231 494 2282 Hispania
510 2240 641 2270 contra
657 2231 868 2270 Celtiberos
882 2244 902 2270 a
916 2229 1177 2281 compluribus
1194 2230 1353 2269 feliciter
1369 2243 1430 2281 ge-

206 2296 276 2335 stas
303 2297 484 2333 eontinet.
514 2294 614 2332 Libri
630 2295 764 2333 Numae
781 2292 955 2343 Pompilii
982 2293 1020 2331 in
1037 2305 1125 2342 agro
1143 2293 1182 2332 L.
1199 2292 1331 2331 Petillii
1348 2292 1432 2331 scri-

208 2355 265 2395 bae
285 2356 352 2395 sub
370 2355 546 2404 janiculo
563 2369 583 2394 a
600 2354 808 2394 cultoribus
838 2356 939 2404 agri,
961 2354 997 2391 in
1023 2365 1108 2393 arca
1132 2352 1282 2404 lapidea
1298 2353 1407 2393 clanii
1420 2384 1432 2400 ,

206 2419 244 2460 ὃς
265 2417 383 2458 Graeci
398 2419 432 2457 ὃς
448 2417 570 2457 Latini
585 2446 595 2458 ,
612 2416 757 2455 inventi
774 2415 858 2453 sunt
872 2429 884 2464 3
900 2416 940 2452 in
953 2415 1092 2463 quibus
1104 2427 1193 2453 cum
1209 2414 1336 2464 plura,
1351 2428 1433 2464 quae
