1618 2715
188 88 285 151 438
548 82 1120 133 T1T1L1v11

192 198 326 255 effet,
355 195 618 258 senatusque
649 194 704 241 ad
732 192 1001 256 pontificum
1026 191 1270 255 collegium
1302 190 1483 253 rejecis-

193 272 286 327 set;
315 269 637 335 pontificibus,
670 267 776 332 quia
807 284 902 314 non
935 268 1050 313 recle
1077 267 1201 314 factae
1230 266 1399 314 Latinae
1418 267 1483 314 es-

194 345 290 393 sent
304 381 318 404 ‚
355 343 602 392 instauratis
631 341 801 388 Latinis
818 377 832 397 ‚
864 339 1033 403 placuit
1053 339 1342 397 Lanuvinos,
1361 357 1484 404 quo-

192 436 298 468 rum
325 435 465 480 opera
489 416 736 463 instauratae
765 413 901 461 effent
919 450 933 471 ,
962 411 1125 460 hostias
1145 413 1356 476 praebere.
1391 413 1485 459 Ac-

195 489 378 538 cefferat
408 489 465 535 ad
492 487 787 551 religionem,
825 485 951 549 quod
978 485 1066 531 Cn.
1094 476 1336 532 Cornelius
1372 500 1487 532 con-

195 562 263 611 sul
280 598 293 620 ,
315 578 371 607 ex
392 572 550 607 monte
567 559 747 606 Albano
776 558 976 616 rediens,
997 556 1225 605 concidit:
1256 558 1305 605 &
1324 592 1338 615 ‚
1361 567 1487 619 parte

195 635 510 683 membrorum
536 644 694 696 captus
709 668 723 688 ,
748 631 802 678 ad
826 634 979 695 Aquas
995 633 1220 678 Cumanas
1241 629 1491 692 pro'feEtus,

196 709 540 776 ingravescente
559 707 725 755 morbo
738 706 926 763 ,Cumis
944 705 1134 753 deceffit.
1153 705 1236 752 Sed
1250 704 1354 751 inde
1369 720 1491 751 mor-

196 796 300 833 tuus
337 785 535 830 Romam
569 780 759 838 allatus,
799 781 850 828 &
880 779 1037 827 funere
1072 778 1316 843 magnifico
1350 778 1491 826 elatus

199 858 486 923 sepultusque
519 855 595 904 est.
628 852 843 901 Pontifex
876 853 993 901 idem
1025 852 1187 899 fuerat.
1226 851 1401 900 Consul
1430 854 1494 913 Q.

197 932 428 990 PetilliuS,
447 947 549 979 cum
570 929 770 992 primum
794 944 874 990 per
898 925 1093 991 auspicia
1113 926 1281 989 posset,
1302 925 1492 990 collegae

201 1005 492 1071 subrogando
525 1001 712 1052 comitia
736 1002 897 1049 habere
928 1001 1091 1064 jussus,
1121 1003 1170 1049 δέ
1198 999 1376 1047 Latinas
1396 998 1494 1046 edi·

198 1099 316 1132 cere.
353 1078 542 1129 comitia
573 1077 620 1124 in
647 1091 751 1124 ante
784 1075 902 1123 diem
933 1075 1118 1122 tertium
1150 1074 1308 1130 Nonas
1343 1071 1496 1119 Sexti-

197 1159 294 1216 leS‚
332 1154 512 1204 Latinas
551 1152 598 1200 in
641 1164 744 1199 ante
781 1150 902 1198 diem
943 1151 1125 1199 tertium
1168 1149 1268 1198 Idus
1304 1148 1495 1195 Sextiles

198 1231 354 1282 edixit.
388 1227 537 1276 Plenis
567 1225 843 1289 religionum
864 1224 1050 1283 animis,
1075 1222 1281 1287 prodigia
1310 1221 1495 1285 insuper

200 1306 436 1355 nuntiata:
472 1301 657 1351 Tusculi
692 1299 837 1347 facem
877 1298 925 1345 in
964 1298 1086 1345 coelo
1126 1297 1304 1352 visam;
1337 1294 1497 1343 Gabiis

201 1381 344 1428 aedem
364 1374 592 1440 Apollinis
610 1375 661 1421 διε
679 1372 853 1436 privata
876 1370 1063 1418 aedificia
1090 1368 1355 1433 complura,
1376 1370 1496 1414 Gra-

201 1452 336 1503 viscis
360 1467 540 1498 murum
563 1459 836 1511 portamque
865 1446 919 1491 de
945 1445 1069 1492 coelo
1098 1445 1226 1491 tacta.
1258 1446 1322 1489 Ea
1344 1444 1496 1489 Patres

201 1523 462 1592 procurari,
473 1522 541 1571 uti
555 1519 795 1585 pontifices
815 1518 1080 1567 censuissent
1090 1555 1106 1576 ,
1121 1516 1350 1578 jusserunt.
1366 1516 1497 1562 Dum

201 1599 414 1649 consules
447 1597 644 1661 primum
678 1594 947 1658 religiones,
978 1591 1139 1640 deinde
1170 1591 1358 1638 alterum
1389 1588 1500 1635 alte-

201 1674 294 1722 rius
329 1687 453 1719 mors
473 1705 487 1729 ,
513 1670 564 1717 &
592 1667 777 1716 comitia
794 1699 808 1723 ‚
843 1669 894 1714 &
915 1664 1174 1713 Latinarum
1205 1660 1499 1708 instauratio-

202 1763 283 1794 nes
309 1742 589 1807 impediunt,
619 1739 885 1787 interimC.
910 1738 1131 1786 Claudius
1166 1733 1416 1783 exercitum
1441 1731 1497 1780 ad

202 1818 428 1866 Mutinam
445 1853 460 1875 ‚
480 1832 614 1880 quam
631 1814 814 1878 Ligures
839 1813 993 1877 priore
1013 1828 1135 1860 anno
1156 1819 1368 1873 ceperant
1383 1844 1398 1865 ‚
1420 1806 1499 1859 ad-]

201 1891 367 1940 movit.
401 1892 517 1937 Ante
547 1888 778 1946 triduum,
803 1905 938 1952 quam
967 1901 1232 1950 oppugnare
1266 1891 1498 1944 coeperat,

202 1977 430 2027 receptam
453 1980 508 2010 ex
533 1961 761 2020 hostibus,
783 1959 963 2008 colonis
991 1958 1189 2007 restituit.
1216 1957 1336 2003 Otto
1359 1953 1501 2000 millia

202 2038 268 2086 ibi
289 2037 505 2102 Ligurum
534 2035 654 2083 intra
682 2051 839 2082 muros
866 2033 1007 2090 caesa;
1044 2032 1273 2094 literaeque
1300 2030 1497 2076 Romam

204 2111 438 2176 extemplo
471 2110 682 2174 scriptae,
717 2109 882 2172 quibus
918 2124 1015 2155 non
1048 2106 1190 2154 modo
1223 2121 1318 2151 rem
1352 2118 1498 2164 expo-

204 2197 350 2243 neret,
384 2184 458 2231 sed
487 2183 622 2231 etiam
653 2181 948 2247 gloriaretur,
975 2182 1048 2227 sua
1075 2179 1245 2228 virtute
1273 2194 1323 2227 ac
1348 2173 1497 2222 felici-

203 2269 295 2305 tate
323 2258 549 2306 neminem
578 2257 665 2319 jam
694 2255 756 2304 cis
776 2256 912 2319 Alpes
938 2253 1111 2302 hostem
1136 2252 1296 2317 populi
1322 2250 1496 2294 Roma-

205 2331 283 2377 ni:
318 2331 505 2395 agrique
532 2330 812 2394 aliquantum
837 2325 1046 2392 captum,
1079 2327 1160 2392 qui
1180 2322 1333 2373 multis
1360 2319 1499 2371 milli-J

197 2401 290 2452 ›bus
318 2404 558 2454 hominum
579 2403 723 2453 dividi
742 2401 914 2454 viritim
935 2400 1094 2466 posset.
