1618 2715
275 109 824 158 HISTORIARUM
859 111 986 157 LIB.
1024 111 1269 159 XXXVII.
1343 128 1426 177 193

146 221 261 270 ‘alios
278 221 405 269 testes
423 219 804 283 conspiciebatur:
827 218 952 280 cujus
977 218 1284 265 auctoritatem
1297 253 1310 274 ‚
1329 236 1432 282 per-

147 312 289 363 petuo
320 310 479 345 tenore
511 297 620 344 vitae
642 308 815 359 partam
834 331 847 352 ‚
876 307 979 358 toga
1001 294 1187 341 candida
1212 296 1433 342 elevabat.

148 376 189 422 Is
223 374 375 429 testis,
410 390 512 436 quae
547 372 652 421 vasa
686 388 819 419 aurea
855 383 988 434 atque
1023 382 1256 434 argentea,
1292 371 1435 434 captis

148 451 296 498 castris
313 486 330 509 ‚
361 450 477 497 inter
500 449 632 496 aliam
663 449 856 512 praedam
887 449 1053 512 regiam
1076 447 1284 503 vidiffet,
1315 464 1365 495 ea
1391 448 1434 495 se

150 525 199 573 in
216 526 446 588 triumpho
468 524 658 589 negabat
678 525 845 572 vidisse.
874 525 1105 571 Postremo
1127 524 1175 569 in
1193 522 1322 584 hujus
1339 541 1436 569 ma-

149 600 270 647 xime
302 600 507 648 invidam
528 599 728 645 desistere
763 599 805 645 se
834 599 1056 661 petitione
1077 597 1270 644 Glabrio
1296 596 1436 651 dixit;

151 676 365 740 quando,
398 676 522 738 quod
551 674 674 721 taciti
701 675 1043 737 indignarentur
1077 673 1253 719 nobiles
1286 673 1439 725 homi-¹

150 767 262 808 nes,
296 750 341 796 id
366 767 491 812 aeque
522 765 673 797 novus
704 748 980 812 competitor
1012 746 1436 811 inaestin1abiliper-

151 826 273 890 jurio
302 826 546 873 incesseret.

218 902 372 945 LVIII.
402 899 597 944 Centum
619 896 809 944 millium
834 897 995 944 mincia
1016 897 1210 960 irrogata
1230 907 1337 944 erat.
1365 895 1436 944 bis

151 975 208 1022 de
244 991 295 1020 ea
327 990 374 1019 re
412 984 627 1019 certatum
663 971 737 1018 est.
784 973 948 1029 tertio,
980 989 1082 1018 cum
1119 973 1172 1018 de
1213 971 1437 1034 petitione

150 1049 377 1097 destitisset
405 1065 535 1106 reus,
566 1064 650 1094 nec
680 1047 874 1110 populus
905 1048 958 1093 de
989 1047 1151 1093 mulCta
1182 1045 1438 1111 suffragium

154 1125 271 1171 ferre
291 1121 525 1178 voluit‚&
544 1120 715 1167 tribuni
732 1137 789 1167 eo
809 1121 996 1184 negotio
1019 1121 1294 1169 destiterunt.
1315 1122 1440 1168 Cen·

155 1199 275 1246 sores
305 1200 360 1244 T.
380 1195 621 1256 Quinffius
643 1195 918 1241 Flamininus
937 1230 952 1252 ,
983 1197 1044 1242 M.
1066 1196 1284 1243 Claudius
1312 1199 1440 1243 Mar-

155 1273 295 1322 cellus
328 1270 479 1319 creati.
511 1273 592 1317 Per
621 1269 798 1317 eosdem
825 1271 917 1317 dies
949 1273 997 1317 L.
1023 1271 1208 1318 AEmilio
1228 1274 1405 1336 Regillo
1422 1308 1441 1331 ‚

155 1349 236 1413 qui
257 1348 382 1396 classe
416 1345 673 1409 praefeclum
700 1345 918 1392 Antiochi
947 1346 1059 1409 regis
1081 1347 1336 1405 devicerat,
1359 1365 1443 1394 ex-

156 1437 226 1471 tra
241 1423 395 1469 urbem
419 1423 465 1467 in
486 1422 578 1467 aede
598 1420 823 1483 Apollinis
848 1438 949 1467 cum
972 1420 1143 1467 senatus
1163 1423 1290 1469 datus
1311 1423 1442 1480 effer,

159 1502 320 1549 auditis
348 1499 479 1545 rebus
507 1497 635 1560 gestis
654 1496 747 1558 ejus
765 1533 777 1555 ,
803 1498 980 1560 quantis
1003 1514 1104 1543 cum
1127 1498 1328 1544 claffibus
1352 1500 1442 1546 ho-

146 1574 290 1624 *stium
323 1574 587 1632 dimicasset,
617 1589 731 1637 quot
763 1574 866 1618 inde
900 1590 1039 1620 naves
1075 1574 1340 1620 demersiffet
1367 1591 1444 1623 aut

161 1651 340 1715 cepisset
354 1687 367 1707 ,
386 1666 552 1713 magno
570 1648 787 1696 consensu
806 1650 982 1694 Parrum
1000 1650 1246 1711 triumphus
1272 1652 1446 1698 navalis

161 1729 223 1776 est
245 1730 459 1774 decretus.
477 1725 797 1788 Triumphavit
816 1724 1035 1770 Kalendis
1047 1724 1308 1773 Februariis.
1327 1727 1372 1772 in
1388 1743 1447 1773 eo

161 1804 394 1867 triumpho
422 1802 873 1867 undequinquaginta
903 1817 1090 1848 coronae
1125 1817 1270 1848 aureae
1299 1814 1450 1854 trans-j

162 1882 263 1927 latae
298 1878 428 1924 sunt:
461 1879 651 1941 pecunia
685 1894 966 1941 nequaquam
1002 1888 1149 1934 tanta,
1181 1894 1265 1939 pro
1302 1878 1449 1939 specie

164 1956 272 2018 regii
289 1953 530 2017 triurnphi3
550 1953 870 1999 tetradrachma
888 1951 1036 1997 Attica
1054 1952 1233 2015 triginta
1251 1967 1449 2015 quatuor

164 2031 306 2079 millia
325 2029 623 2092 septingenta,
644 2027 890 2090 cistophori
911 2038 1090 2074 centum
1110 2027 1290 2090 triginta
1307 2047 1449 2078 unum

164 2105 303 2170 millia
318 2103 519 2151 trecenti.
541 2102 900 2164 Supplicationes
921 2103 1081 2148 deinde
1102 2102 1283 2149 fuerunt
1303 2120 1356 2149 ex
1380 2104 1448 2149 se-

166 2172 530 2235 natusconsulto,
557 2177 682 2240 quod
711 2179 759 2222 L.
789 2176 995 2224 AEmilius
1020 2177 1064 2223 in
1096 2178 1305 2241 Hispania
1337 2189 1451 2241 prom⁴

166 2256 290 2319 spere
326 2253 645 2316 rempublicam
678 2252 872 2315 geffiffet.
914 2254 1042 2299 Haud
1080 2254 1138 2300 ita
1172 2255 1317 2300 multo
1348 2254 1451 2317 post

167 2335 217 2379 L.
239 2329 391 2393 Scipio
422 2329 476 2375 ad
496 2328 653 2375 urbem
679 2328 822 2375 venit.
851 2330 955 2391 qui,
986 2346 1041 2375 ne
1065 2330 1329 2394 cognomini
1361 2330 1454 2377 fta-T

170 2407 248 2454 tris
280 2405 484 2462 cederet,
516 2403 757 2452 Afiaticum
792 2403 834 2452 se
869 2405 1081 2469 appellari
1122 2406 1288 2455 voluit.
1317 2407 1372 2452 Et
1403 2405 1450 2455 in.

235 2482 287 2528 T.
319 2483 410 2528 Liv.
438 2481 536 2527 Vol.
565 2480 646 2529 VI,
1157 2479 1200 2526 N
