1618 2715
267 130 810 180 HISTORIARUM
845 129 970 176 LIB.
1005 128 1259 175 XXXVIII.
1328 143 1419 191 249

143 244 193 291 &
216 242 263 290 in
282 242 410 290 omni
429 241 659 306 praecipuo
687 240 866 287 honore
889 238 1157 285 habuerunt.
1176 237 1422 283 Phocaeen-

143 317 258 363 fibus
285 318 334 363 &
353 332 481 379 ager,
509 331 641 378 quem
665 326 766 360 ante
789 311 957 359 bellum
978 310 1251 367 habuerant,
1272 307 1422 354 reddi-

143 402 244 446 tus;
264 391 340 448 &‚
371 401 420 435 ut
448 388 623 453 legibus
651 387 844 449 antiquis
873 396 1130 440 uterentur,
1154 382 1424 446 permissum.

143 463 330 510 Rhodiis
349 464 590 521 affirmata,
610 479 711 526 quae
741 461 839 508 data
871 459 1022 522 priore
1057 459 1239 505 decreto
1268 468 1425 511 erant;

143 535 288 599 Lycia
315 537 364 583 814
385 535 519 582 Caria
546 535 657 581 datae
676 531 814 596 usque
839 532 894 578 ad
914 531 1193 578 Maeandrum
1216 547 1392 576 amnem
1408 565 1425 588 ,

145 619 305 671 praeter
337 607 612 654 Telmiffum.
642 605 758 669 Regi
790 604 979 651 Eumeni
1013 602 1340 651 Chersonesum
1376 602 1425 648 in

146 684 330 743 Europa
365 681 413 728 ὅ(
446 678 802 743 Lysimachiam,
838 675 1036 733 castella,
1069 676 1231 734 vicos,
1260 692 1426 739 agros,

144 753 306 816 quibus
340 751 502 799 finibus
534 760 738 797 tenuerat
771 748 1049 804 Antiochus,
1069 747 1425 809 adjecerunttin

146 826 246 873 Asia
278 826 517 890 Phrygiam
546 836 780 886 utramque
798 858 812 881 ‚
839 821 1050 885 (alteram
1078 821 1133 866 ad
1156 819 1427 882 Hellespon-

144 912 238 946 tum
255 935 268 956 ,
287 899 502 960 majorem
534 898 713 943 alteram
748 892 947 957 vocant)
970 895 1019 940 &
1046 893 1240 957 Mysiam
1256 929 1271 949 ‚
1291 909 1426 954 quam

146 972 314 1019 Prusias
332 989 409 1018 rex
423 971 644 1017 ademerat
655 1004 669 1026 ,
680 967 720 1014 ei
735 966 1040 1014 restituerunt:
1056 966 1105 1011 ὃς
1120 964 1400 1027 Lycaoniam
1416 997 1430 1019 ‚

147 1046 197 1091 &
222 1044 449 1108 Milyada,
468 1045 517 1090 &
536 1041 724 1105 Lydiam
744 1075 757 1098 ,
778 1041 827 1085 δε
848 1038 1114 1084 nominatim
1140 1037 1270 1082 urbes
1292 1035 1426 1082 Tral-

148 1115 211 1162 les
225 1152 238 1173 ‚
260 1128 393 1179 atque
410 1114 633 1178 Ephesum
651 1151 663 1170 ,
685 1115 733 1159 &
761 1110 1036 1157 Telmiffum.
1068 1109 1140 1154 De
1160 1107 1427 1171 Pamphylia

147 1187 441 1250 disceptatum
476 1187 591 1233 inter
634 1188 877 1231 Eumenem
911 1184 960 1229 δε
997 1180 1213 1228 Antiochi
1255 1181 1426 1243 legatos

148 1275 249 1306 cum
271 1259 400 1314 effet3
421 1258 522 1321 quia
552 1273 648 1319 pars
675 1255 767 1317 ejus
791 1255 900 1302 citra
917 1289 931 1310 ,
952 1269 1051 1315 pars
1081 1253 1197 1300 ultra
1225 1252 1442 1298 Taurum,

149 1332 232 1387 est,
254 1333 424 1395 integra
449 1348 514 1377 res
535 1331 589 1376 ad
614 1330 812 1376 senatum
831 1327 1045 1388 rejicitur.

213 1404 313 1451 XL.
349 1403 428 1449 His
458 1402 700 1448 foederibus
731 1398 1004 1462 decretisque
1035 1397 1176 1455 datis,
1200 1397 1426 1454 Manlius,

148 1491 253 1521 cum
279 1475 433 1521 decem
451 1473 603 1536 legatis
623 1472 837 1534 omnique
859 1471 1057 1516 exercitu
1082 1471 1137 1515 ad
1159 1468 1428 1531 Hellespon·

150 1561 244 1594 tum
265 1547 492 1610 profeffiis
511 1583 520 1600 ,
535 1545 738 1594 evocatis
756 1562 811 1592 eo
832 1544 994 1608 regulis
1007 1543 1266 1599 Gallorum,
1287 1543 1428 1605 leges,

148 1621 308 1685 quibus
344 1638 497 1683 pacem
533 1637 633 1667 cum
664 1621 862 1665 Eumene
898 1617 1155 1673 servarent,
1177 1616 1318 1670 dixin
1347 1616 1427 1661 de-

149 1693 494 1757 nuntiavitque,
524 1705 574 1740 ut
602 1709 773 1739 morem
807 1689 998 1753 vagandi
1029 1706 1130 1736 cum
1163 1689 1296 1735 armis
1325 1686 1428 1735 fini-

148 1780 274 1826 rent,
297 1783 594 1831 agrorumque
618 1764 799 1811 suorum
825 1763 1026 1809 terminis
1054 1762 1093 1808 se
1125 1762 1427 1809 continerent.

149 1841 402 1888 Contractis
424 1839 583 1886 deinde
602 1856 657 1885 ex
678 1838 804 1884 omni
826 1854 906 1883 ora
925 1836 1136 1892 navibus,
1150 1836 1199 1882 &
1218 1833 1430 1881 Eumenis

149 1915 282 1960 etiam
312 1913 438 1961 classe
468 1929 546 1974 per
574 1912 839 1959 Athenaeum
872 1910 1052 1956 fratrem
1080 1908 1195 1973 regis
1225 1908 1280 1954 ab
1311 1907 1428 1953 Elaea

152 1987 335 2032 addusta
352 2021 366 2042 ‚
392 1985 547 2047 copias
569 2001 726 2032 omnes
755 1984 800 2029 in
828 1985 1054 2045 Europam
1081 1980 1262 2042 trajecit.
1297 1980 1429 2036 inde,

151 2077 231 2122 per
258 2059 586 2106 Chersonesum
621 2058 814 2106 modicis
848 2057 1081 2105 itineribus
1113 2072 1246 2120 grave
1278 2053 1428 2116 praeda

153 2131 302 2178 omnis
336 2130 507 2195 generis
536 2148 692 2195 agmen
719 2130 922 2187 trahens,
953 2127 1244 2193 Lysimachiae
1270 2124 1429 2171 stativa

152 2204 326 2259 habuit3
349 2216 398 2250 ut
418 2221 550 2266 quam
582 2204 774 2252 maxime
799 2202 1051 2251 recentibus
1078 2202 1128 2248 &
1154 2197 1336 2262 integris
1355 2196 1428 2259 iu-

152 2278 312 2324 mentis
332 2277 569 2325 Thraciam
587 2312 599 2335 ,
623 2294 701 2340 per
718 2294 852 2340 quam
882 2277 966 2322 iter
987 2275 1126 2337 vulgo
1154 2271 1427 2329 horrebant,

153 2348 471 2413 ingrederetur.
502 2351 614 2409 Quo
635 2347 858 2412 profeffils
879 2347 940 2393 est
960 2346 1014 2393 ab
1032 2341 1312 2409 Lysimachia
1330 2341 1428 2399 die,

151 2421 206 2467 ad
223 2437 394 2470 amnem
411 2457 423 2475 ‚
454 2422 630 2470 Melana
647 2438 782 2485 quem
804 2431 977 2469 vocant
992 2454 1006 2478 ‚
1025 2418 1128 2466 inde
1147 2415 1328 2481 postero
1356 2414 1426 2462 die
