1618 2715
202 120 296 171 '422
571 111 1145 159 T1T1L1V11

204 217 474 281 personabat
503 218 666 264 castris.
703 220 860 281 Itaque
896 218 1044 280 primo
1062 254 1075 277 ‚
1098 218 1223 265 velut
1242 216 1338 279 juffi
1368 217 1414 264 id
1434 217 1503 266 fas

207 309 336 350 cere,
368 292 500 354 pauci
523 292 707 350 armati,
740 290 886 351 major
909 307 1010 353 pars
1038 290 1230 338 inermes
1248 328 1262 347 ,
1295 291 1349 336 ad
1380 308 1502 338 mare

208 363 453 410 decurrunt
471 380 482 407 ι
503 363 606 408 dein
630 363 779 424 plures
795 397 809 419 ‚
828 361 1060 424 postremo
1080 378 1224 425 prope
1246 377 1403 407 omnes
1417 396 1430 417 ‚
1451 363 1504 409 &

208 435 301 499 ipse
323 436 482 482 consul
501 454 514 492 ;
536 452 664 493 cum,
694 434 852 481 frustra
877 449 1100 481 revocare
1121 432 1339 497 fugientes
1360 450 1504 482 cona-

208 520 280 556 tus
298 544 312 565 ,
340 525 424 555 nec
450 507 645 571 imperio
665 544 678 564 ‚
698 524 782 554 nec
804 507 1068 569 auctoritate
1082 542 1095 565 ‚
1118 523 1200 554 nec
1221 506 1428 568 precibus
1449 507 1504 553 ad

209 595 499 638 extremum,
534 581 755 628 valuiffet.
791 584 924 628 Unus
961 580 1170 627 remansit
1207 582 1273 626 M.
1303 580 1506 628 Licinius

210 657 371 704 Strabo
388 693 400 713 ‚
438 655 647 703 tribunus
672 654 870 701 militum
897 654 1039 701 tertiae
1060 653 1275 717 legionis,
1303 671 1404 700 cum
1425 655 1510 700 tri-

214 732 297 779 bus
323 731 456 796 {ignis
476 731 531 778 ab
561 730 744 794 legione
765 730 838 776 sua
870 730 1061 776 relictus.
1096 731 1261 786 Hunc,
1298 728 1344 774 in
1366 745 1508 776 vacua

214 803 356 852 castra
379 803 551 866 impetu
570 802 715 860 fauo,
742 801 861 859 Istri,
881 819 985 848 cum
1005 801 1115 847 alius
1136 810 1331 846 armatus
1353 799 1407 846 iis
1428 815 1513 845 ne·-

218 893 298 924 mo
328 877 516 925 obviam
554 876 678 934 isset,
715 874 762 921 in
795 875 1015 937 praetorio
1053 872 1344 919 instruentem
1379 884 1514 935 atque

219 952 477 999 hortantem
508 950 611 998 suos
649 949 977 1012 oppresserunt.
1024 946 1242 993 Proelium
1275 945 1474 992 atrocius
1495 981 1512 1002 ‚

220 1042 358 1087 quam
395 1041 481 1087 pro
516 1023 742 1087 paucitate
778 1019 1101 1075 resistentium,
1133 1016 1249 1064 fuit:
1293 1033 1378 1064 nec
1409 1028 1514 1063 ante

220 1096 398 1145 finitum
425 1095 512 1152 est,
535 1111 670 1158 quam
699 1093 905 1140 tribunus
938 1091 1160 1150 militum,
1192 1091 1362 1156 quique
1396 1090 1516 1138 circa

221 1188 326 1219 eum
354 1169 668 1219 constiterant,
708 1166 934 1214 interfecti
975 1165 1088 1213 sunt.
1125 1166 1349 1213 Praetorio
1390 1163 1517 1226 deje-

223 1247 298 1293 &o
313 1283 329 1303 ‚
360 1245 543 1308 direptis
560 1280 574 1302 ‚
602 1260 702 1306 quae
729 1242 790 1289 ibi
812 1241 994 1288 fuerunt
1015 1276 1029 1299 ,
1054 1241 1110 1287 ad
1134 1239 1430 1304 quaestorium
1445 1238 1518 1285 fo-

223 1335 328 1365 rum
359 1317 715 1380 quintanamque
745 1314 895 1361 hostes
925 1324 1249 1375 pervenerunt.
1282 1312 1379 1369 Ibi,
1414 1327 1519 1359 cum

226 1390 434 1438 omnium
466 1407 613 1436 rerum
648 1403 844 1452 paratam
870 1386 1206 1449 expositamque
1235 1384 1443 1448 copiam,
1468 1386 1520 1432 &

227 1462 390 1510 stratos
416 1463 555 1510 lectos
581 1462 628 1508 in
655 1459 899 1525 quaestorio
922 1457 1217 1515 inveniffent,
1240 1456 1418 1520 regulus
1445 1471 1518 1502 ac-

227 1537 402 1584 cubans
426 1534 598 1598 epulari
623 1533 778 1596 coepit.
815 1549 926 1579 mox
946 1531 1063 1577 idem
1091 1530 1227 1577 ceteri
1249 1545 1432 1586 omneS‚
1452 1543 1523 1574 ar-

228 1626 412 1656 morum
434 1608 725 1672 hostiumque
745 1605 878 1653 obliti
901 1642 914 1662 ‚
941 1604 1116 1652 faciunt
1137 1622 1147 1649 :
1180 1605 1257 1663 &‚
1284 1613 1333 1649 ut
1359 1601 1522 1665 quibus

229 1681 430 1729 insuetus
457 1681 689 1728 liberalior
714 1679 860 1727 vitius
879 1678 982 1726 effet
998 1710 1013 1735 ,
1039 1677 1216 1727 avidius
1240 1676 1354 1725 vino
1386 1674 1521 1722 cibo-

231 1772 323 1819 que
341 1771 538 1817 corpora
556 1768 765 1801 onerant.

297 1832 371 1877 Ill.
402 1830 699 1892 Nequaquam
726 1826 883 1872 eadem
917 1823 979 1871 est
1006 1835 1103 1871 tum
1134 1821 1198 1869 rei
1225 1820 1371 1868 forma
1404 1818 1525 1881 apud

232 1907 500 1952 Romanos:
534 1914 683 1960 terra,
716 1900 828 1947 mari
861 1898 1140 1961 trepidatur:
1176 1894 1344 1943 nautici
1376 1894 1526 1941 taber-

222 1979 400 2026 ,nacula
428 1976 703 2033 detendunt,
734 1984 1129 2034 commeatumque
1150 1969 1195 2015 in
1220 1967 1354 2014 litore
1376 1982 1526 2030 expo-

235 2052 368 2098 {itum
398 2050 446 2098 in
468 2066 605 2098 naves
630 2047 810 2111 rapiunt
829 2064 841 2092 ε
875 2045 1037 2092 milites
1059 2043 1105 2089 in
1128 2042 1310 2105 scaphas
1331 2043 1379 2088 &
1407 2055 1528 2086 mare

238 2124 384 2172 territi
410 2135 575 2171 ruunt:
607 2134 753 2177 nautae
773 2157 787 2179 ‚
813 2132 936 2167 metu
964 2135 1020 2166 ne
1049 2115 1364 2178 compleantur
1393 2112 1528 2159 navi-

239 2198 312 2262 gia
328 2234 343 2256 ‚
370 2198 446 2245 alii
474 2197 618 2243 turbae
639 2194 883 2253 obsistunt,
903 2191 979 2239 alii
1010 2190 1065 2237 ab
1086 2189 1219 2236 litore
1240 2202 1373 2233 naves
1399 2184 1443 2230 in
1463 2182 1530 2228 al-

240 2284 337 2319 tum
373 2271 622 2334 expellunt.
657 2270 762 2316 inde
792 2282 1019 2317 certamen
1039 2300 1052 2322 ,
1080 2280 1191 2310 mox
1219 2261 1351 2308 etiam
1379 2273 1531 2321 pugna

242 2361 346 2392 cum
380 2344 645 2394 vulneribus
674 2346 724 2391 &
759 2342 880 2390 caede
910 2339 1110 2387 invicem
1141 2334 1333 2383 militum
1370 2343 1532 2377 nauta-

242 2433 440 2483 rumque
464 2416 642 2478 oritur,
667 2416 815 2465 donec
833 2413 949 2479 juffu
969 2410 1163 2462 consulis
1182 2406 1346 2474 procul
1374 2422 1398 2453 a
1418 2417 1533 2453 terra
