<?xml version="1.0" encoding="UTF-8"?>
<!DOCTYPE html PUBLIC "-//W3C//DTD XHTML 1.0 Transitional//EN"
    "http://www.w3.org/TR/xhtml1/DTD/xhtml1-transitional.dtd">
<html xmlns="http://www.w3.org/1999/xhtml" xml:lang="en" lang="en">
 <head>
  <title>
</title>
<meta http-equiv="Content-Type" content="text/html;charset=utf-8" />
  <meta name='ocr-system' content='tesseract 3.04.00' />
  <meta name='ocr-capabilities' content='ocr_page ocr_carea ocr_par ocr_line ocrx_word'/>
</head>
<body>
  <div class='ocr_page' id='page_1' title='image "./historiarumlibri06livyuoft_0167.png"; bbox 0 0 1618 2715; ppageno 0'>
   <div class='ocr_carea' id='block_1_1' title="bbox 250 116 1455 183">
    <p class='ocr_par' dir='ltr' id='par_1_1' title="bbox 250 116 1455 183">
     <span class='ocr_line' id='line_1_1' title="bbox 250 116 1455 183; baseline -0.007 -12"><span class='ocrx_word' id='word_1_1' title='bbox 250 120 787 171; x_wconf 83' lang='lat' dir='ltr'><strong>HISTORIARUM</strong></span> <span class='ocrx_word' id='word_1_2' title='bbox 821 116 946 166; x_wconf 78' lang='lat' dir='ltr'><strong>LIB&#39;.</strong></span> <span class='ocrx_word' id='word_1_3' title='bbox 982 118 1221 165; x_wconf 89' lang='lat' dir='ltr'>XXXVII.</span> <span class='ocrx_word' id='word_1_4' title='bbox 1297 134 1385 183; x_wconf 86' lang='lat'>159</span> <span class='ocrx_word' id='word_1_5' title='bbox 1454 148 1455 151; x_wconf 52' lang='lat'><em>=</em></span> 
     </span>
    </p>
   </div>
   <div class='ocr_carea' id='block_1_2' title="bbox 102 223 1397 2474">
    <p class='ocr_par' dir='ltr' id='par_1_2' title="bbox 102 223 1397 2474">
     <span class='ocr_line' id='line_1_2' title="bbox 110 223 1388 287; baseline -0.006 -9"><span class='ocrx_word' id='word_1_6' title='bbox 110 227 159 278; x_wconf 82' lang='lat' dir='ltr'>in</span> <span class='ocrx_word' id='word_1_7' title='bbox 196 229 419 277; x_wconf 88' lang='lat' dir='ltr'>moenibus</span> <span class='ocrx_word' id='word_1_8' title='bbox 434 263 448 286; x_wconf 86' lang='lat'>‚</span> <span class='ocrx_word' id='word_1_9' title='bbox 482 226 638 275; x_wconf 77' lang='lat' dir='ltr'>auxilii</span> <span class='ocrx_word' id='word_1_10' title='bbox 674 226 770 272; x_wconf 83' lang='lat' dir='ltr'>effe.</span> <span class='ocrx_word' id='word_1_11' title='bbox 819 225 996 272; x_wconf 66' lang='lat' dir='ltr'>coafflis</span> <span class='ocrx_word' id='word_1_12' title='bbox 1039 240 1146 287; x_wconf 84' lang='lat' dir='ltr'>ergo</span> <span class='ocrx_word' id='word_1_13' title='bbox 1182 223 1388 286; x_wconf 86' lang='lat' dir='ltr'>periculo</span> 
     </span>
     <span class='ocr_line' id='line_1_3' title="bbox 111 295 1389 365; baseline -0.004 -16"><span class='ocrx_word' id='word_1_14' title='bbox 111 303 306 350; x_wconf 85' lang='lat' dir='ltr'>militum</span> <span class='ocrx_word' id='word_1_15' title='bbox 337 314 503 365; x_wconf 87' lang='lat' dir='ltr'>praetor</span> <span class='ocrx_word' id='word_1_16' title='bbox 536 299 734 362; x_wconf 85' lang='lat' dir='ltr'>receptui</span> <span class='ocrx_word' id='word_1_17' title='bbox 770 297 868 346; x_wconf 84' lang='lat' dir='ltr'>cani</span> <span class='ocrx_word' id='word_1_18' title='bbox 898 297 1042 360; x_wconf 70' lang='lat' dir='ltr'>justit,</span> <span class='ocrx_word' id='word_1_19' title='bbox 1080 313 1136 342; x_wconf 87' lang='lat' dir='ltr'>ne</span> <span class='ocrx_word' id='word_1_20' title='bbox 1171 295 1389 357; x_wconf 83' lang='lat' dir='ltr'>objiceret</span> 
     </span>
     <span class='ocr_line' id='line_1_4' title="bbox 111 369 1388 435; baseline -0.004 -13"><span class='ocrx_word' id='word_1_21' title='bbox 111 375 314 422; x_wconf 85' lang='lat' dir='ltr'>incautos</span> <span class='ocrx_word' id='word_1_22' title='bbox 332 373 580 420; x_wconf 84' lang='lat' dir='ltr'>furentibus</span> <span class='ocrx_word' id='word_1_23' title='bbox 607 371 914 435; x_wconf 79' lang='lat' dir='ltr'>desperatione</span> <span class='ocrx_word' id='word_1_24' title='bbox 937 386 988 417; x_wconf 90' lang='lat' dir='ltr'>ac</span> <span class='ocrx_word' id='word_1_25' title='bbox 1012 369 1145 417; x_wconf 80' lang='lat' dir='ltr'>rabie.</span> <span class='ocrx_word' id='word_1_26' title='bbox 1172 369 1388 417; x_wconf 86' lang='lat' dir='ltr'>Diremto</span> 
     </span>
     <span class='ocr_line' id='line_1_5' title="bbox 111 442 1391 511; baseline -0.005 -17"><span class='ocrx_word' id='word_1_27' title='bbox 111 448 306 511; x_wconf 78' lang='lat' dir='ltr'>proelio,</span> <span class='ocrx_word' id='word_1_28' title='bbox 326 465 381 494; x_wconf 89' lang='lat' dir='ltr'>ne</span> <span class='ocrx_word' id='word_1_29' title='bbox 398 460 495 495; x_wconf 84' lang='lat' dir='ltr'>tum</span> <span class='ocrx_word' id='word_1_30' title='bbox 521 446 696 510; x_wconf 80' lang='lat' dir='ltr'>quidem</span> <span class='ocrx_word' id='word_1_31' title='bbox 716 444 771 491; x_wconf 87' lang='lat' dir='ltr'>ad</span> <span class='ocrx_word' id='word_1_32' title='bbox 794 443 987 508; x_wconf 88' lang='lat' dir='ltr'>quietem</span> <span class='ocrx_word' id='word_1_33' title='bbox 1004 443 1144 499; x_wconf 83' lang='lat' dir='ltr'>verfi3</span> <span class='ocrx_word' id='word_1_34' title='bbox 1164 442 1238 489; x_wconf 90' lang='lat' dir='ltr'>sed</span> <span class='ocrx_word' id='word_1_35' title='bbox 1256 443 1391 489; x_wconf 85' lang='lat' dir='ltr'>undi-</span> 
     </span>
     <span class='ocr_line' id='line_1_6' title="bbox 111 517 1390 585; baseline -0.003 -18"><span class='ocrx_word' id='word_1_36' title='bbox 111 538 200 585; x_wconf 83' lang='lat' dir='ltr'>que</span> <span class='ocrx_word' id='word_1_37' title='bbox 221 537 378 569; x_wconf 88' lang='lat' dir='ltr'>omnes</span> <span class='ocrx_word' id='word_1_38' title='bbox 406 522 459 568; x_wconf 90' lang='lat' dir='ltr'>ad</span> <span class='ocrx_word' id='word_1_39' title='bbox 490 519 729 567; x_wconf 84' lang='lat' dir='ltr'>munienda</span> <span class='ocrx_word' id='word_1_40' title='bbox 758 519 807 565; x_wconf 88' lang='lat'>&amp;</span> <span class='ocrx_word' id='word_1_41' title='bbox 832 517 1122 565; x_wconf 73' lang='lat' dir='ltr'>obmolienda</span> <span class='ocrx_word' id='word_1_42' title='bbox 1139 553 1152 576; x_wconf 88' lang='lat'>‚</span> <span class='ocrx_word' id='word_1_43' title='bbox 1174 534 1273 581; x_wconf 83' lang='lat' dir='ltr'>quae</span> <span class='ocrx_word' id='word_1_44' title='bbox 1296 520 1390 565; x_wconf 86' lang='lat' dir='ltr'>rui-</span> 
     </span>
     <span class='ocr_line' id='line_1_7' title="bbox 111 590 1393 653; baseline -0.001 -14"><span class='ocrx_word' id='word_1_45' title='bbox 111 594 181 640; x_wconf 84' lang='lat' dir='ltr'>nis</span> <span class='ocrx_word' id='word_1_46' title='bbox 208 595 337 641; x_wconf 84' lang='lat' dir='ltr'>strata</span> <span class='ocrx_word' id='word_1_47' title='bbox 363 606 515 652; x_wconf 81' lang='lat' dir='ltr'>erant,</span> <span class='ocrx_word' id='word_1_48' title='bbox 545 603 886 640; x_wconf 81' lang='lat' dir='ltr'>concurrerunt.</span> <span class='ocrx_word' id='word_1_49' title='bbox 917 591 1035 639; x_wconf 85' lang='lat' dir='ltr'>Huic</span> <span class='ocrx_word' id='word_1_50' title='bbox 1055 591 1184 653; x_wconf 89' lang='lat' dir='ltr'>operi</span> <span class='ocrx_word' id='word_1_51' title='bbox 1210 590 1393 638; x_wconf 85' lang='lat' dir='ltr'>intentis</span> 
     </span>
     <span class='ocr_line' id='line_1_8' title="bbox 111 664 1390 730; baseline -0.002 -16"><span class='ocrx_word' id='word_1_52' title='bbox 111 667 372 730; x_wconf 88' lang='lat' dir='ltr'>supervenit</span> <span class='ocrx_word' id='word_1_53' title='bbox 405 669 465 728; x_wconf 83' lang='lat' dir='ltr'>Q.</span> <span class='ocrx_word' id='word_1_54' title='bbox 496 666 750 725; x_wconf 81' lang='lat' dir='ltr'>Antonius,</span> <span class='ocrx_word' id='word_1_55' title='bbox 781 683 805 712; x_wconf 93' lang='lat' dir='ltr'>a</span> <span class='ocrx_word' id='word_1_56' title='bbox 838 680 1030 729; x_wconf 80' lang='lat' dir='ltr'>praetore</span> <span class='ocrx_word' id='word_1_57' title='bbox 1069 664 1219 712; x_wconf 85' lang='lat' dir='ltr'>miffus</span> <span class='ocrx_word' id='word_1_58' title='bbox 1245 684 1256 711; x_wconf 78' lang='grc' dir='ltr'><strong><em>ε</em></strong></span> <span class='ocrx_word' id='word_1_59' title='bbox 1283 665 1390 728; x_wconf 86' lang='lat' dir='ltr'>qui,</span> 
     </span>
     <span class='ocr_line' id='line_1_9' title="bbox 111 738 1392 804; baseline -0.002 -18"><span class='ocrx_word' id='word_1_60' title='bbox 111 739 317 804; x_wconf 74' lang='lat' dir='ltr'>castigata</span> <span class='ocrx_word' id='word_1_61' title='bbox 344 740 586 804; x_wconf 75' lang='lat' dir='ltr'>pertinacia</span> <span class='ocrx_word' id='word_1_62' title='bbox 612 755 767 787; x_wconf 85' lang='lat' dir='ltr'>eorum</span> <span class='ocrx_word' id='word_1_63' title='bbox 783 775 797 797; x_wconf 85' lang='lat'>‚</span> <span class='ocrx_word' id='word_1_64' title='bbox 828 738 1035 796; x_wconf 77' lang='lat' dir='ltr'>Majorem</span> <span class='ocrx_word' id='word_1_65' title='bbox 1058 756 1197 784; x_wconf 82' lang='lat' dir='ltr'>curam</span> <span class='ocrx_word' id='word_1_66' title='bbox 1229 739 1392 783; x_wconf 85' lang='lat' dir='ltr'>Roma-</span> 
     </span>
     <span class='ocr_line' id='line_1_10' title="bbox 111 810 1394 874; baseline -0.002 -16"><span class='ocrx_word' id='word_1_67' title='bbox 111 817 205 870; x_wconf 82' lang='lat' dir='ltr'>nis,</span> <span class='ocrx_word' id='word_1_68' title='bbox 228 831 349 873; x_wconf 76' lang='lat' dir='ltr'><em>quam</em></span> <span class='ocrx_word' id='word_1_69' title='bbox 368 817 476 871; x_wconf 79' lang='lat' dir='ltr'><em>illis,</em></span> <span class='ocrx_word' id='word_1_70' title='bbox 498 812 773 869; x_wconf 84' lang='lat' dir='ltr'>ostenderet,</span> <span class='ocrx_word' id='word_1_71' title='bbox 794 810 891 874; x_wconf 71' lang='lat' dir='ltr'>effic,</span> <span class='ocrx_word' id='word_1_72' title='bbox 909 830 957 855; x_wconf 77' lang='lat' dir='ltr'>ne</span> <span class='ocrx_word' id='word_1_73' title='bbox 975 814 1019 856; x_wconf 75' lang='lat' dir='ltr'>isz</span> <span class='ocrx_word' id='word_1_74' title='bbox 1038 811 1261 871; x_wconf 73' lang='lat' dir='ltr'>perniciem</span> <span class='ocrx_word' id='word_1_75' title='bbox 1280 813 1394 856; x_wconf 79' lang='lat' dir='ltr'>urbis</span> 
     </span>
     <span class='ocr_line' id='line_1_11' title="bbox 103 883 1393 950; baseline -0.001 -21"><span class='ocrx_word' id='word_1_76' title='bbox 103 903 369 946; x_wconf 74' lang='lat' dir='ltr'>pugnaretur.</span> <span class='ocrx_word' id='word_1_77' title='bbox 383 886 433 950; x_wconf 82' lang='lat' dir='ltr'><em>st</em></span> <span class='ocrx_word' id='word_1_78' title='bbox 445 886 619 950; x_wconf 74' lang='lat' dir='ltr'>absistere</span> <span class='ocrx_word' id='word_1_79' title='bbox 632 883 773 944; x_wconf 78' lang='lat' dir='ltr'>furore</span> <span class='ocrx_word' id='word_1_80' title='bbox 789 888 957 940; x_wconf 72' lang='lat' dir='ltr'>vellent,</span> <span class='ocrx_word' id='word_1_81' title='bbox 969 884 1203 946; x_wconf 68' lang='lat' dir='ltr'>potestatem</span> <span class='ocrx_word' id='word_1_82' title='bbox 1223 885 1278 928; x_wconf 81' lang='lat' dir='ltr'>iis</span> <span class='ocrx_word' id='word_1_83' title='bbox 1296 886 1393 930; x_wconf 78' lang='lat' dir='ltr'>dare</span> 
     </span>
     <span class='ocr_line' id='line_1_12' title="bbox 111 955 1393 1020; baseline -0.001 -18"><span class='ocrx_word' id='word_1_84' title='bbox 111 961 250 1004; x_wconf 72' lang='lat' dir='ltr'>eadem</span> <span class='ocrx_word' id='word_1_85' title='bbox 270 961 521 1016; x_wconf 68' lang='lat' dir='ltr'>condicione,</span> <span class='ocrx_word' id='word_1_86' title='bbox 539 977 617 1019; x_wconf 84' lang='lat' dir='ltr'>qua</span> <span class='ocrx_word' id='word_1_87' title='bbox 628 961 748 1017; x_wconf 79' lang='lat' dir='ltr'>prius</span> <span class='ocrx_word' id='word_1_88' title='bbox 772 961 815 1003; x_wconf 85' lang='lat' dir='ltr'>C.</span> <span class='ocrx_word' id='word_1_89' title='bbox 837 959 950 1003; x_wconf 78' lang='lat' dir='ltr'>Livii</span> <span class='ocrx_word' id='word_1_90' title='bbox 967 955 1149 1013; x_wconf 76' lang='lat' dir='ltr'>iszfidem</span> <span class='ocrx_word' id='word_1_91' title='bbox 1174 956 1393 1020; x_wconf 74' lang='lat' dir='ltr'>vemffirzt,</span> 
     </span>
     <span class='ocr_line' id='line_1_13' title="bbox 102 1029 1394 1092; baseline 0 -16"><span class='ocrx_word' id='word_1_92' title='bbox 102 1032 154 1092; x_wconf 68' lang='lat' dir='ltr'>fic</span> <span class='ocrx_word' id='word_1_93' title='bbox 169 1035 371 1079; x_wconf 80' lang='lat' dir='ltr'>tradendi.</span> <span class='ocrx_word' id='word_1_94' title='bbox 389 1033 497 1078; x_wconf 80' lang='lat' dir='ltr'>Haec</span> <span class='ocrx_word' id='word_1_95' title='bbox 516 1048 619 1079; x_wconf 86' lang='lat' dir='ltr'>cum</span> <span class='ocrx_word' id='word_1_96' title='bbox 636 1030 874 1085; x_wconf 84' lang='lat' dir='ltr'>audiffent‚</span> <span class='ocrx_word' id='word_1_97' title='bbox 892 1030 1091 1092; x_wconf 82' lang='lat' dir='ltr'>quinque</span> <span class='ocrx_word' id='word_1_98' title='bbox 1113 1029 1283 1076; x_wconf 88' lang='lat' dir='ltr'>dierum</span> <span class='ocrx_word' id='word_1_99' title='bbox 1302 1029 1394 1092; x_wconf 86' lang='lat' dir='ltr'>spa·</span> 
     </span>
     <span class='ocr_line' id='line_1_14' title="bbox 112 1103 1394 1165; baseline -0.001 -16"><span class='ocrx_word' id='word_1_100' title='bbox 112 1105 180 1150; x_wconf 78' lang='lat' dir='ltr'>tio</span> <span class='ocrx_word' id='word_1_101' title='bbox 201 1105 255 1150; x_wconf 90' lang='lat' dir='ltr'>ad</span> <span class='ocrx_word' id='word_1_102' title='bbox 280 1105 610 1152; x_wconf 86' lang='lat' dir='ltr'>deliberandum</span> <span class='ocrx_word' id='word_1_103' title='bbox 632 1104 777 1150; x_wconf 87' lang='lat' dir='ltr'>sumto</span> <span class='ocrx_word' id='word_1_104' title='bbox 791 1139 803 1161; x_wconf 93' lang='lat'>‚</span> <span class='ocrx_word' id='word_1_105' title='bbox 831 1115 997 1149; x_wconf 83' lang='lat' dir='ltr'>tentata</span> <span class='ocrx_word' id='word_1_106' title='bbox 1019 1103 1197 1149; x_wconf 83' lang='lat' dir='ltr'>interim</span> <span class='ocrx_word' id='word_1_107' title='bbox 1219 1103 1292 1165; x_wconf 89' lang='lat' dir='ltr'>spe</span> <span class='ocrx_word' id='word_1_108' title='bbox 1313 1120 1394 1149; x_wconf 90' lang='lat' dir='ltr'>au-</span> 
     </span>
     <span class='ocr_line' id='line_1_15' title="bbox 111 1175 1393 1239; baseline -0.001 -16"><span class='ocrx_word' id='word_1_109' title='bbox 111 1177 211 1223; x_wconf 81' lang='lat' dir='ltr'>xilii</span> <span class='ocrx_word' id='word_1_110' title='bbox 238 1178 293 1223; x_wconf 85' lang='lat' dir='ltr'>ab</span> <span class='ocrx_word' id='word_1_111' title='bbox 310 1177 563 1235; x_wconf 80' lang='lat' dir='ltr'>Antiocho,</span> <span class='ocrx_word' id='word_1_112' title='bbox 582 1176 818 1239; x_wconf 83' lang='lat' dir='ltr'>postquam</span> <span class='ocrx_word' id='word_1_113' title='bbox 846 1175 979 1239; x_wconf 84' lang='lat' dir='ltr'>legati</span> <span class='ocrx_word' id='word_1_114' title='bbox 1007 1175 1119 1221; x_wconf 83' lang='lat' dir='ltr'>miffi</span> <span class='ocrx_word' id='word_1_115' title='bbox 1138 1177 1193 1222; x_wconf 88' lang='lat' dir='ltr'>ad</span> <span class='ocrx_word' id='word_1_116' title='bbox 1217 1192 1363 1239; x_wconf 82' lang='lat' dir='ltr'>regem</span> <span class='ocrx_word' id='word_1_117' title='bbox 1378 1211 1393 1233; x_wconf 90' lang='lat'>‚</span> 
     </span>
     <span class='ocr_line' id='line_1_16' title="bbox 112 1248 1395 1312; baseline -0.001 -18"><span class='ocrx_word' id='word_1_118' title='bbox 112 1248 225 1294; x_wconf 88' lang='lat' dir='ltr'>nihil</span> <span class='ocrx_word' id='word_1_119' title='bbox 244 1249 290 1295; x_wconf 89' lang='lat' dir='ltr'>in</span> <span class='ocrx_word' id='word_1_120' title='bbox 310 1266 364 1296; x_wconf 92' lang='lat' dir='ltr'>eo</span> <span class='ocrx_word' id='word_1_121' title='bbox 382 1250 465 1296; x_wconf 86' lang='lat' dir='ltr'>effe</span> <span class='ocrx_word' id='word_1_122' title='bbox 485 1249 675 1312; x_wconf 74' lang='lat' dir='ltr'>praestdii</span> <span class='ocrx_word' id='word_1_123' title='bbox 688 1285 701 1306; x_wconf 85' lang='lat'>,</span> <span class='ocrx_word' id='word_1_124' title='bbox 721 1249 985 1305; x_wconf 79' lang='lat' dir='ltr'>retulerant3</span> <span class='ocrx_word' id='word_1_125' title='bbox 1006 1261 1099 1294; x_wconf 88' lang='lat' dir='ltr'>tum</span> <span class='ocrx_word' id='word_1_126' title='bbox 1121 1260 1272 1310; x_wconf 85' lang='lat' dir='ltr'>portas</span> <span class='ocrx_word' id='word_1_127' title='bbox 1291 1266 1395 1311; x_wconf 86' lang='lat' dir='ltr'>ape-</span> 
     </span>
     <span class='ocr_line' id='line_1_17' title="bbox 113 1321 1394 1386; baseline 0.001 -19"><span class='ocrx_word' id='word_1_128' title='bbox 113 1335 319 1381; x_wconf 82' lang='lat' dir='ltr'>ruerunt,</span> <span class='ocrx_word' id='word_1_129' title='bbox 335 1324 445 1386; x_wconf 72' lang='lat' dir='ltr'>paffl</span> <span class='ocrx_word' id='word_1_130' title='bbox 465 1340 520 1369; x_wconf 89' lang='lat' dir='ltr'>ne</span> <span class='ocrx_word' id='word_1_131' title='bbox 539 1322 647 1385; x_wconf 79' lang='lat' dir='ltr'>quid</span> <span class='ocrx_word' id='word_1_132' title='bbox 665 1321 822 1368; x_wconf 83' lang='lat' dir='ltr'>hostile</span> <span class='ocrx_word' id='word_1_133' title='bbox 842 1334 1114 1384; x_wconf 85' lang='lat' dir='ltr'>paterentur.</span> <span class='ocrx_word' id='word_1_134' title='bbox 1135 1322 1253 1367; x_wconf 88' lang='lat' dir='ltr'>Cum</span> <span class='ocrx_word' id='word_1_135' title='bbox 1273 1322 1394 1385; x_wconf 75' lang='lat' dir='ltr'>signa</span> 
     </span>
     <span class='ocr_line' id='line_1_18' title="bbox 112 1391 1394 1456; baseline 0 -17"><span class='ocrx_word' id='word_1_136' title='bbox 112 1391 161 1439; x_wconf 82' lang='lat' dir='ltr'>in</span> <span class='ocrx_word' id='word_1_137' title='bbox 177 1395 331 1441; x_wconf 87' lang='lat' dir='ltr'>urbem</span> <span class='ocrx_word' id='word_1_138' title='bbox 349 1394 640 1452; x_wconf 83' lang='lat' dir='ltr'>inferrentur,</span> <span class='ocrx_word' id='word_1_139' title='bbox 660 1396 709 1441; x_wconf 85' lang='lat'>&amp;</span> <span class='ocrx_word' id='word_1_140' title='bbox 724 1393 1048 1456; x_wconf 74' lang='lat' dir='ltr'>pronuntiasset</span> <span class='ocrx_word' id='word_1_141' title='bbox 1066 1406 1253 1455; x_wconf 82' lang='lat' dir='ltr'>praet0r‚</span> <span class='ocrx_word' id='word_1_142' title='bbox 1271 1393 1394 1456; x_wconf 80' lang='lat' dir='ltr'>parci</span> 
     </span>
     <span class='ocr_line' id='line_1_19' title="bbox 113 1465 1394 1529; baseline 0 -17"><span class='ocrx_word' id='word_1_143' title='bbox 113 1465 157 1512; x_wconf 91' lang='lat' dir='ltr'>se</span> <span class='ocrx_word' id='word_1_144' title='bbox 179 1467 335 1514; x_wconf 89' lang='lat' dir='ltr'>deditis</span> <span class='ocrx_word' id='word_1_145' title='bbox 361 1468 479 1514; x_wconf 88' lang='lat' dir='ltr'>velle</span> <span class='ocrx_word' id='word_1_146' title='bbox 494 1504 508 1523; x_wconf 88' lang='lat'>‚</span> <span class='ocrx_word' id='word_1_147' title='bbox 530 1466 701 1514; x_wconf 85' lang='lat' dir='ltr'>clamor</span> <span class='ocrx_word' id='word_1_148' title='bbox 728 1466 926 1529; x_wconf 80' lang='lat' dir='ltr'>undique</span> <span class='ocrx_word' id='word_1_149' title='bbox 947 1466 1007 1512; x_wconf 90' lang='lat' dir='ltr'>est</span> <span class='ocrx_word' id='word_1_150' title='bbox 1035 1465 1253 1523; x_wconf 85' lang='lat' dir='ltr'>sublatus,</span> <span class='ocrx_word' id='word_1_151' title='bbox 1277 1469 1394 1512; x_wconf 75' lang='lat' dir='ltr'>indi-</span> 
     </span>
     <span class='ocr_line' id='line_1_20' title="bbox 111 1539 1395 1603; baseline 0.001 -19"><span class='ocrx_word' id='word_1_152' title='bbox 111 1556 239 1600; x_wconf 71' lang='lat' dir='ltr'>gnum</span> <span class='ocrx_word' id='word_1_153' title='bbox 253 1540 432 1599; x_wconf 79' lang='lat' dir='ltr'>facinus</span> <span class='ocrx_word' id='word_1_154' title='bbox 448 1539 521 1603; x_wconf 82' lang='lat' dir='ltr'>effe</span> <span class='ocrx_word' id='word_1_155' title='bbox 535 1576 549 1596; x_wconf 84' lang='lat'><em>‚</em></span> <span class='ocrx_word' id='word_1_156' title='bbox 572 1541 833 1599; x_wconf 76' lang='lat' dir='ltr'>Plzocaeenses</span> <span class='ocrx_word' id='word_1_157' title='bbox 846 1575 861 1596; x_wconf 83' lang='lat'><em>‚</em></span> <span class='ocrx_word' id='word_1_158' title='bbox 882 1558 1092 1600; x_wconf 74' lang='lat' dir='ltr'>nunquam</span> <span class='ocrx_word' id='word_1_159' title='bbox 1098 1542 1214 1598; x_wconf 83' lang='lat' dir='ltr'>fidos</span> <span class='ocrx_word' id='word_1_160' title='bbox 1220 1541 1365 1601; x_wconf 80' lang='lat' dir='ltr'>socios</span> <span class='ocrx_word' id='word_1_161' title='bbox 1379 1576 1395 1598; x_wconf 87' lang='lat'>‚</span> 
     </span>
     <span class='ocr_line' id='line_1_21' title="bbox 103 1613 1395 1681; baseline 0.002 -23"><span class='ocrx_word' id='word_1_162' title='bbox 103 1614 265 1674; x_wconf 78' lang='lat' dir='ltr'>fimper</span> <span class='ocrx_word' id='word_1_163' title='bbox 287 1616 454 1681; x_wconf 56' lang='lat' dir='ltr'>infestos</span> <span class='ocrx_word' id='word_1_164' title='bbox 482 1617 633 1680; x_wconf 72' lang='lat' dir='ltr'>hostes,</span> <span class='ocrx_word' id='word_1_165' title='bbox 655 1616 820 1675; x_wconf 78' lang='lat' dir='ltr'>impune</span> <span class='ocrx_word' id='word_1_166' title='bbox 847 1617 1014 1660; x_wconf 70' lang='lat' dir='ltr'>eludere.</span> <span class='ocrx_word' id='word_1_167' title='bbox 1039 1614 1108 1659; x_wconf 92' lang='lat' dir='ltr'>Ab</span> <span class='ocrx_word' id='word_1_168' title='bbox 1135 1613 1217 1660; x_wconf 75' lang='lat' dir='ltr'>hac</span> <span class='ocrx_word' id='word_1_169' title='bbox 1246 1630 1363 1660; x_wconf 76' lang='lat' dir='ltr'>voce</span> <span class='ocrx_word' id='word_1_170' title='bbox 1379 1650 1395 1670; x_wconf 89' lang='lat'>,</span> 
     </span>
     <span class='ocr_line' id='line_1_22' title="bbox 113 1685 1394 1751; baseline -0.002 -17"><span class='ocrx_word' id='word_1_171' title='bbox 113 1687 243 1734; x_wconf 78' lang='lat' dir='ltr'>velut</span> <span class='ocrx_word' id='word_1_172' title='bbox 273 1688 398 1751; x_wconf 80' lang='lat' dir='ltr'>{igno</span> <span class='ocrx_word' id='word_1_173' title='bbox 419 1705 442 1734; x_wconf 91' lang='lat' dir='ltr'>a</span> <span class='ocrx_word' id='word_1_174' title='bbox 461 1700 652 1750; x_wconf 79' lang='lat' dir='ltr'>praetore</span> <span class='ocrx_word' id='word_1_175' title='bbox 683 1688 812 1744; x_wconf 84' lang='lat' dir='ltr'>dato,</span> <span class='ocrx_word' id='word_1_176' title='bbox 831 1687 884 1732; x_wconf 81' lang='lat' dir='ltr'>ad</span> <span class='ocrx_word' id='word_1_177' title='bbox 908 1685 1203 1749; x_wconf 84' lang='lat' dir='ltr'>diripiendam</span> <span class='ocrx_word' id='word_1_178' title='bbox 1235 1687 1394 1732; x_wconf 85' lang='lat' dir='ltr'>urbem</span> 
     </span>
     <span class='ocr_line' id='line_1_23' title="bbox 114 1759 1395 1822; baseline 0.001 -17"><span class='ocrx_word' id='word_1_179' title='bbox 114 1760 264 1822; x_wconf 86' lang='lat' dir='ltr'>paffim</span> <span class='ocrx_word' id='word_1_180' title='bbox 290 1761 600 1807; x_wconf 86' lang='lat' dir='ltr'>discurrerunt.</span> <span class='ocrx_word' id='word_1_181' title='bbox 634 1759 838 1806; x_wconf 84' lang='lat' dir='ltr'>AEmilius</span> <span class='ocrx_word' id='word_1_182' title='bbox 859 1759 1007 1822; x_wconf 86' lang='lat' dir='ltr'>primo</span> <span class='ocrx_word' id='word_1_183' title='bbox 1037 1759 1232 1805; x_wconf 83' lang='lat' dir='ltr'>refistere</span> <span class='ocrx_word' id='word_1_184' title='bbox 1261 1761 1309 1806; x_wconf 72' lang='grc' dir='ltr'>δε</span> <span class='ocrx_word' id='word_1_185' title='bbox 1327 1776 1395 1806; x_wconf 82' lang='lat' dir='ltr'>re-</span> 
     </span>
     <span class='ocr_line' id='line_1_24' title="bbox 115 1834 1394 1894; baseline 0.002 -17"><span class='ocrx_word' id='word_1_186' title='bbox 115 1847 310 1891; x_wconf 88' lang='lat' dir='ltr'>vocare,</span> <span class='ocrx_word' id='word_1_187' title='bbox 333 1834 525 1880; x_wconf 88' lang='lat' dir='ltr'>dicendo</span> <span class='ocrx_word' id='word_1_188' title='bbox 539 1870 553 1892; x_wconf 90' lang='lat'>‚</span> <span class='ocrx_word' id='word_1_189' title='bbox 574 1850 741 1894; x_wconf 80' lang='lat' dir='ltr'>captas,</span> <span class='ocrx_word' id='word_1_190' title='bbox 769 1851 855 1878; x_wconf 75' lang='lat' dir='ltr'>non</span> <span class='ocrx_word' id='word_1_191' title='bbox 879 1835 1041 1878; x_wconf 77' lang='lat' dir='ltr'>deditas</span> <span class='ocrx_word' id='word_1_192' title='bbox 1058 1867 1072 1889; x_wconf 89' lang='lat'>‚</span> <span class='ocrx_word' id='word_1_193' title='bbox 1094 1835 1220 1892; x_wconf 79' lang='lat' dir='ltr'>diripi</span> <span class='ocrx_word' id='word_1_194' title='bbox 1241 1835 1355 1878; x_wconf 74' lang='lat' dir='ltr'>urbes</span> <span class='ocrx_word' id='word_1_195' title='bbox 1376 1852 1394 1879; x_wconf 76' lang='lat'>.-</span> 
     </span>
     <span class='ocr_line' id='line_1_25' title="bbox 113 1902 1395 1968; baseline 0 -18"><span class='ocrx_word' id='word_1_196' title='bbox 113 1902 160 1950; x_wconf 58' lang='grc' dir='ltr'>δ’</span> <span class='ocrx_word' id='word_1_197' title='bbox 189 1908 234 1951; x_wconf 81' lang='lat' dir='ltr'>in</span> <span class='ocrx_word' id='word_1_198' title='bbox 264 1910 327 1952; x_wconf 80' lang='lat' dir='ltr'>his</span> <span class='ocrx_word' id='word_1_199' title='bbox 355 1923 490 1952; x_wconf 77' lang='lat' dir='ltr'>tamen</span> <span class='ocrx_word' id='word_1_200' title='bbox 516 1909 729 1952; x_wconf 80' lang='lat' dir='ltr'>arbitrium</span> <span class='ocrx_word' id='word_1_201' title='bbox 755 1904 824 1968; x_wconf 80' lang='lat' dir='ltr'>effe</span> <span class='ocrx_word' id='word_1_202' title='bbox 851 1908 1106 1965; x_wconf 80' lang='lat' dir='ltr'>imperatoris</span> <span class='ocrx_word' id='word_1_203' title='bbox 1125 1939 1138 1962; x_wconf 92' lang='lat'>,</span> <span class='ocrx_word' id='word_1_204' title='bbox 1162 1925 1247 1951; x_wconf 80' lang='lat' dir='ltr'>non</span> <span class='ocrx_word' id='word_1_205' title='bbox 1277 1908 1395 1952; x_wconf 78' lang='lat' dir='ltr'><em>mili-</em></span> 
     </span>
     <span class='ocr_line' id='line_1_26' title="bbox 115 1977 1395 2041; baseline 0.003 -21"><span class='ocrx_word' id='word_1_206' title='bbox 115 1992 217 2023; x_wconf 85' lang='lat' dir='ltr'>tum.</span> <span class='ocrx_word' id='word_1_207' title='bbox 253 1977 492 2041; x_wconf 84' lang='lat' dir='ltr'>Postquam</span> <span class='ocrx_word' id='word_1_208' title='bbox 521 1978 583 2024; x_wconf 89' lang='lat' dir='ltr'>ira</span> <span class='ocrx_word' id='word_1_209' title='bbox 615 1979 664 2024; x_wconf 83' lang='lat'>&amp;</span> <span class='ocrx_word' id='word_1_210' title='bbox 696 1977 883 2024; x_wconf 84' lang='lat' dir='ltr'>avaritia</span> <span class='ocrx_word' id='word_1_211' title='bbox 912 1977 1104 2038; x_wconf 86' lang='lat' dir='ltr'>imperio</span> <span class='ocrx_word' id='word_1_212' title='bbox 1131 1978 1395 2039; x_wconf 81' lang='lat' dir='ltr'>potentiora</span> 
     </span>
     <span class='ocr_line' id='line_1_27' title="bbox 113 2049 1397 2112; baseline 0.002 -19"><span class='ocrx_word' id='word_1_213' title='bbox 113 2061 265 2105; x_wconf 84' lang='lat' dir='ltr'>erant,</span> <span class='ocrx_word' id='word_1_214' title='bbox 286 2051 573 2112; x_wconf 80' lang='lat' dir='ltr'>praeconibus</span> <span class='ocrx_word' id='word_1_215' title='bbox 590 2067 669 2112; x_wconf 86' lang='lat' dir='ltr'>per</span> <span class='ocrx_word' id='word_1_216' title='bbox 694 2050 850 2096; x_wconf 88' lang='lat' dir='ltr'>urbem</span> <span class='ocrx_word' id='word_1_217' title='bbox 869 2049 999 2096; x_wconf 82' lang='lat' dir='ltr'>miffis</span> <span class='ocrx_word' id='word_1_218' title='bbox 1013 2086 1026 2107; x_wconf 91' lang='lat'>,</span> <span class='ocrx_word' id='word_1_219' title='bbox 1045 2050 1210 2097; x_wconf 86' lang='lat' dir='ltr'>liberos</span> <span class='ocrx_word' id='word_1_220' title='bbox 1237 2067 1397 2097; x_wconf 81' lang='lat' dir='ltr'>omnes</span> 
     </span>
     <span class='ocr_line' id='line_1_28' title="bbox 113 2119 1395 2182; baseline 0.002 -16"><span class='ocrx_word' id='word_1_221' title='bbox 113 2119 162 2166; x_wconf 78' lang='lat' dir='ltr'>in</span> <span class='ocrx_word' id='word_1_222' title='bbox 181 2119 331 2167; x_wconf 88' lang='lat' dir='ltr'>forum</span> <span class='ocrx_word' id='word_1_223' title='bbox 357 2122 411 2167; x_wconf 85' lang='lat' dir='ltr'>ad</span> <span class='ocrx_word' id='word_1_224' title='bbox 430 2121 471 2167; x_wconf 87' lang='lat' dir='ltr'>se</span> <span class='ocrx_word' id='word_1_225' title='bbox 498 2121 748 2168; x_wconf 86' lang='lat' dir='ltr'>convenire</span> <span class='ocrx_word' id='word_1_226' title='bbox 764 2120 888 2182; x_wconf 85' lang='lat' dir='ltr'>jubet</span> <span class='ocrx_word' id='word_1_227' title='bbox 903 2156 916 2178; x_wconf 88' lang='lat'>‚</span> <span class='ocrx_word' id='word_1_228' title='bbox 935 2137 990 2167; x_wconf 91' lang='lat' dir='ltr'>ne</span> <span class='ocrx_word' id='word_1_229' title='bbox 1013 2121 1298 2168; x_wconf 78' lang='lat' dir='ltr'>violarentur</span> <span class='ocrx_word' id='word_1_230' title='bbox 1317 2140 1327 2168; x_wconf 74' lang='grc' dir='ltr'><strong>ι</strong></span> <span class='ocrx_word' id='word_1_231' title='bbox 1346 2124 1395 2169; x_wconf 65' lang='grc' dir='ltr'>δέ</span> 
     </span>
     <span class='ocr_line' id='line_1_29' title="bbox 112 2190 1395 2256; baseline 0 -18"><span class='ocrx_word' id='word_1_232' title='bbox 112 2190 162 2238; x_wconf 81' lang='lat' dir='ltr'>in</span> <span class='ocrx_word' id='word_1_233' title='bbox 179 2193 412 2251; x_wconf 86' lang='lat' dir='ltr'>omnibus,</span> <span class='ocrx_word' id='word_1_234' title='bbox 431 2211 531 2256; x_wconf 85' lang='lat' dir='ltr'>quae</span> <span class='ocrx_word' id='word_1_235' title='bbox 550 2193 682 2255; x_wconf 76' lang='lat' dir='ltr'>ipsius</span> <span class='ocrx_word' id='word_1_236' title='bbox 700 2193 926 2256; x_wconf 82' lang='lat' dir='ltr'>potestatis</span> <span class='ocrx_word' id='word_1_237' title='bbox 941 2192 1264 2251; x_wconf 85' lang='lat' dir='ltr'>fuerunt‚fides</span> <span class='ocrx_word' id='word_1_238' title='bbox 1283 2209 1395 2240; x_wconf 89' lang='lat' dir='ltr'>con-</span> 
     </span>
     <span class='ocr_line' id='line_1_30' title="bbox 114 2263 1397 2328; baseline 0 -17"><span class='ocrx_word' id='word_1_239' title='bbox 114 2264 224 2311; x_wconf 76' lang='lat' dir='ltr'>stitit</span> <span class='ocrx_word' id='word_1_240' title='bbox 247 2266 466 2327; x_wconf 74' lang='lat' dir='ltr'>praetoris.</span> <span class='ocrx_word' id='word_1_241' title='bbox 496 2266 666 2313; x_wconf 88' lang='lat' dir='ltr'>Urbem</span> <span class='ocrx_word' id='word_1_242' title='bbox 683 2301 696 2323; x_wconf 85' lang='lat'>,</span> <span class='ocrx_word' id='word_1_243' title='bbox 726 2264 939 2328; x_wconf 83' lang='lat' dir='ltr'>agrosque</span> <span class='ocrx_word' id='word_1_244' title='bbox 957 2300 970 2323; x_wconf 89' lang='lat'>,</span> <span class='ocrx_word' id='word_1_245' title='bbox 998 2265 1047 2310; x_wconf 85' lang='lat'>&amp;</span> <span class='ocrx_word' id='word_1_246' title='bbox 1078 2263 1168 2310; x_wconf 80' lang='lat' dir='ltr'>suas</span> <span class='ocrx_word' id='word_1_247' title='bbox 1196 2264 1312 2327; x_wconf 83' lang='lat' dir='ltr'>leges</span> <span class='ocrx_word' id='word_1_248' title='bbox 1343 2263 1397 2311; x_wconf 84' lang='lat' dir='ltr'>iis</span> 
     </span>
     <span class='ocr_line' id='line_1_31' title="bbox 104 2336 1393 2400; baseline 0.002 -18"><span class='ocrx_word' id='word_1_249' title='bbox 104 2336 331 2382; x_wconf 60' lang='lat' dir='ltr'>restituit:</span> <span class='ocrx_word' id='word_1_250' title='bbox 360 2340 438 2394; x_wconf 86' lang='lat'>&amp;‚</span> <span class='ocrx_word' id='word_1_251' title='bbox 470 2338 573 2400; x_wconf 83' lang='lat' dir='ltr'>quia</span> <span class='ocrx_word' id='word_1_252' title='bbox 607 2336 693 2395; x_wconf 75' lang='lat' dir='ltr'>jam</span> <span class='ocrx_word' id='word_1_253' title='bbox 728 2337 868 2383; x_wconf 84' lang='lat' dir='ltr'>hiems</span> <span class='ocrx_word' id='word_1_254' title='bbox 898 2337 1160 2398; x_wconf 85' lang='lat' dir='ltr'>appetebat,</span> <span class='ocrx_word' id='word_1_255' title='bbox 1189 2337 1393 2387; x_wconf 82' lang='lat' dir='ltr'>Phocaeae</span> 
     </span>
     <span class='ocr_line' id='line_1_32' title="bbox 113 2407 1028 2474; baseline 0.002 -18"><span class='ocrx_word' id='word_1_256' title='bbox 113 2419 274 2472; x_wconf 84' lang='lat' dir='ltr'>portus</span> <span class='ocrx_word' id='word_1_257' title='bbox 289 2410 344 2459; x_wconf 83' lang='lat' dir='ltr'>ad</span> <span class='ocrx_word' id='word_1_258' title='bbox 361 2410 691 2462; x_wconf 74' lang='lat' dir='ltr'>hibernandum</span> <span class='ocrx_word' id='word_1_259' title='bbox 711 2409 830 2459; x_wconf 81' lang='lat' dir='ltr'>claffi</span> <span class='ocrx_word' id='word_1_260' title='bbox 851 2407 1028 2474; x_wconf 71' lang='lat' dir='ltr'>delegit.</span> 
     </span>
    </p>
   </div>
  </div>
 </body>
</html>
