<?xml version="1.0" encoding="UTF-8"?>
<!DOCTYPE html PUBLIC "-//W3C//DTD XHTML 1.0 Transitional//EN"
    "http://www.w3.org/TR/xhtml1/DTD/xhtml1-transitional.dtd">
<html xmlns="http://www.w3.org/1999/xhtml" xml:lang="en" lang="en">
 <head>
  <title>
</title>
<meta http-equiv="Content-Type" content="text/html;charset=utf-8" />
  <meta name='ocr-system' content='tesseract 3.04.00' />
  <meta name='ocr-capabilities' content='ocr_page ocr_carea ocr_par ocr_line ocrx_word'/>
</head>
<body>
  <div class='ocr_page' id='page_1' title='image "./historiarumlibri06livyuoft_0048.png"; bbox 0 0 1618 2715; ppageno 0'>
   <div class='ocr_carea' id='block_1_1' title="bbox 223 94 1138 154">
    <p class='ocr_par' dir='ltr' id='par_1_1' title="bbox 223 94 1138 154">
     <span class='ocr_line' id='line_1_1' title="bbox 223 94 1138 154; baseline -0.001 -13"><span class='ocrx_word' id='word_1_1' title='bbox 223 113 283 154; x_wconf 53' lang='grc' dir='ltr'>μ</span> <span class='ocrx_word' id='word_1_2' title='bbox 587 94 1138 140; x_wconf 85' lang='lat' dir='ltr'>T1T1L1V11</span> 
     </span>
    </p>
   </div>
   <div class='ocr_carea' id='block_1_2' title="bbox 224 199 1514 2438">
    <p class='ocr_par' dir='ltr' id='par_1_2' title="bbox 224 199 1514 2438">
     <span class='ocr_line' id='line_1_2' title="bbox 226 199 1499 265; baseline -0.003 -14"><span class='ocrx_word' id='word_1_3' title='bbox 226 215 343 261; x_wconf 80' lang='lat' dir='ltr'><strong>erat,</strong></span> <span class='ocrx_word' id='word_1_4' title='bbox 375 201 558 264; x_wconf 84' lang='lat' dir='ltr'><strong>adjuvit.</strong></span> <span class='ocrx_word' id='word_1_5' title='bbox 594 203 751 250; x_wconf 86' lang='lat' dir='ltr'><strong>Literis</strong></span> <span class='ocrx_word' id='word_1_6' title='bbox 786 200 1038 265; x_wconf 83' lang='lat' dir='ltr'>Eurylochi</span> <span class='ocrx_word' id='word_1_7' title='bbox 1069 199 1286 247; x_wconf 83' lang='lat' dir='ltr'>admoniti</span> <span class='ocrx_word' id='word_1_8' title='bbox 1310 199 1499 263; x_wconf 82' lang='lat' dir='ltr'><strong>propin-</strong></span> 
     </span>
     <span class='ocr_line' id='line_1_3' title="bbox 225 271 1500 338; baseline -0.002 -17"><span class='ocrx_word' id='word_1_9' title='bbox 225 276 303 338; x_wconf 90' lang='lat' dir='ltr'><strong>qui</strong></span> <span class='ocrx_word' id='word_1_10' title='bbox 324 275 566 338; x_wconf 79' lang='lat' dir='ltr'>amicique,</span> <span class='ocrx_word' id='word_1_11' title='bbox 588 276 637 322; x_wconf 86' lang='lat'>&amp;</span> <span class='ocrx_word' id='word_1_12' title='bbox 664 274 740 337; x_wconf 89' lang='lat' dir='ltr'><strong>qui</strong></span> <span class='ocrx_word' id='word_1_13' title='bbox 769 271 965 334; x_wconf 83' lang='lat' dir='ltr'><strong>ejusdem</strong></span> <span class='ocrx_word' id='word_1_14' title='bbox 992 271 1196 318; x_wconf 72' lang='lat' dir='ltr'><strong>faffionis</strong></span> <span class='ocrx_word' id='word_1_15' title='bbox 1216 283 1368 330; x_wconf 83' lang='lat' dir='ltr'><strong>erant,</strong></span> <span class='ocrx_word' id='word_1_16' title='bbox 1386 271 1500 318; x_wconf 89' lang='lat' dir='ltr'><strong>libe-</strong></span> 
     </span>
     <span class='ocr_line' id='line_1_4' title="bbox 225 343 1500 410; baseline -0.003 -14"><span class='ocrx_word' id='word_1_17' title='bbox 225 365 302 396; x_wconf 86' lang='lat' dir='ltr'><strong>ros</strong></span> <span class='ocrx_word' id='word_1_18' title='bbox 330 350 378 396; x_wconf 86' lang='lat'>&amp;</span> <span class='ocrx_word' id='word_1_19' title='bbox 405 347 642 410; x_wconf 77' lang='lat' dir='ltr'><strong>conjugem</strong></span> <span class='ocrx_word' id='word_1_20' title='bbox 672 346 767 408; x_wconf 86' lang='lat' dir='ltr'><strong>ejus</strong></span> <span class='ocrx_word' id='word_1_21' title='bbox 793 362 894 393; x_wconf 90' lang='lat' dir='ltr'><strong>cum</strong></span> <span class='ocrx_word' id='word_1_22' title='bbox 926 344 1101 391; x_wconf 88' lang='lat' dir='ltr'><strong>sordida</strong></span> <span class='ocrx_word' id='word_1_23' title='bbox 1123 343 1273 403; x_wconf 89' lang='lat' dir='ltr'><strong>veste,</strong></span> <span class='ocrx_word' id='word_1_24' title='bbox 1301 356 1500 392; x_wconf 84' lang='lat' dir='ltr'><strong>tenentes</strong></span> 
     </span>
     <span class='ocr_line' id='line_1_5' title="bbox 226 415 1503 483; baseline -0.002 -16"><span class='ocrx_word' id='word_1_25' title='bbox 226 420 477 467; x_wconf 85' lang='lat' dir='ltr'><strong>velamenta</strong></span> <span class='ocrx_word' id='word_1_26' title='bbox 496 419 746 483; x_wconf 86' lang='lat' dir='ltr'><strong>supplicum</strong></span> <span class='ocrx_word' id='word_1_27' title='bbox 761 454 774 477; x_wconf 91' lang='lat'><strong>,</strong></span> <span class='ocrx_word' id='word_1_28' title='bbox 793 416 1066 465; x_wconf 80' lang='lat' dir='ltr'><strong>concionem</strong></span> <span class='ocrx_word' id='word_1_29' title='bbox 1085 415 1360 479; x_wconf 82' lang='lat' dir='ltr'><strong>frequentem</strong></span> <span class='ocrx_word' id='word_1_30' title='bbox 1381 415 1503 465; x_wconf 82' lang='lat' dir='ltr'><strong>adire</strong></span> 
     </span>
     <span class='ocr_line' id='line_1_6' title="bbox 225 488 1501 557; baseline -0.005 -16"><span class='ocrx_word' id='word_1_31' title='bbox 225 495 406 557; x_wconf 84' lang='lat' dir='ltr'><strong>jubent,</strong></span> <span class='ocrx_word' id='word_1_32' title='bbox 441 493 636 557; x_wconf 75' lang='lat' dir='ltr'><strong>singulos</strong></span> <span class='ocrx_word' id='word_1_33' title='bbox 668 490 987 554; x_wconf 88' lang='lat' dir='ltr'><strong>universosque</strong></span> <span class='ocrx_word' id='word_1_34' title='bbox 1017 489 1309 547; x_wconf 86' lang='lat' dir='ltr'><strong>obtestantes,</strong></span> <span class='ocrx_word' id='word_1_35' title='bbox 1344 506 1400 536; x_wconf 91' lang='lat' dir='ltr'><strong>ne</strong></span> <span class='ocrx_word' id='word_1_36' title='bbox 1430 488 1501 534; x_wconf 88' lang='lat' dir='ltr'><strong>in-</strong></span> 
     </span>
     <span class='ocr_line' id='line_1_7' title="bbox 225 560 1501 622; baseline -0.006 -8"><span class='ocrx_word' id='word_1_37' title='bbox 225 568 422 622; x_wconf 83' lang='lat' dir='ltr'><strong>sontem,</strong></span> <span class='ocrx_word' id='word_1_38' title='bbox 444 567 750 613; x_wconf 82' lang='lat' dir='ltr'><strong>indemnatum</strong></span> <span class='ocrx_word' id='word_1_39' title='bbox 777 561 1091 612; x_wconf 80' lang='lat' dir='ltr'><strong>consenescere</strong></span> <span class='ocrx_word' id='word_1_40' title='bbox 1122 562 1168 607; x_wconf 90' lang='lat' dir='ltr'><strong>in</strong></span> <span class='ocrx_word' id='word_1_41' title='bbox 1199 561 1355 608; x_wconf 82' lang='lat' dir='ltr'><strong>exsilio</strong></span> <span class='ocrx_word' id='word_1_42' title='bbox 1386 560 1501 606; x_wconf 86' lang='lat' dir='ltr'><strong>sme-</strong></span> 
     </span>
     <span class='ocr_line' id='line_1_8' title="bbox 224 633 1501 699; baseline -0.005 -14"><span class='ocrx_word' id='word_1_43' title='bbox 224 652 339 686; x_wconf 85' lang='lat' dir='ltr'><strong>rent.</strong></span> <span class='ocrx_word' id='word_1_44' title='bbox 370 642 424 685; x_wconf 84' lang='lat' dir='ltr'><strong>Et</strong></span> <span class='ocrx_word' id='word_1_45' title='bbox 447 638 665 699; x_wconf 78' lang='lat' dir='ltr'><strong>simplices</strong></span> <span class='ocrx_word' id='word_1_46' title='bbox 685 637 893 684; x_wconf 81' lang='lat' dir='ltr'><strong>homines</strong></span> <span class='ocrx_word' id='word_1_47' title='bbox 912 634 1240 693; x_wconf 85' lang='lat' dir='ltr'><strong>misericordia,</strong></span> <span class='ocrx_word' id='word_1_48' title='bbox 1261 636 1309 682; x_wconf 74' lang='grc' dir='ltr'><strong>δε</strong></span> <span class='ocrx_word' id='word_1_49' title='bbox 1329 633 1501 696; x_wconf 88' lang='lat' dir='ltr'><strong>impro-</strong></span> 
     </span>
     <span class='ocr_line' id='line_1_9' title="bbox 225 705 1498 774; baseline -0.005 -16"><span class='ocrx_word' id='word_1_50' title='bbox 225 712 308 758; x_wconf 88' lang='lat' dir='ltr'><strong>bos</strong></span> <span class='ocrx_word' id='word_1_51' title='bbox 327 710 645 774; x_wconf 83' lang='lat' dir='ltr'><strong>seditiososque</strong></span> <span class='ocrx_word' id='word_1_52' title='bbox 676 708 948 757; x_wconf 83' lang='lat' dir='ltr'><strong>immiscendi</strong></span> <span class='ocrx_word' id='word_1_53' title='bbox 976 713 1044 755; x_wconf 85' lang='lat' dir='ltr'><strong>res</strong></span> <span class='ocrx_word' id='word_1_54' title='bbox 1073 707 1270 755; x_wconf 80' lang='lat' dir='ltr'>tumultu</span> <span class='ocrx_word' id='word_1_55' title='bbox 1297 705 1498 753; x_wconf 88' lang='lat' dir='ltr'><strong>AEtolico</strong></span> 
     </span>
     <span class='ocr_line' id='line_1_10' title="bbox 226 777 1504 845; baseline -0.006 -15"><span class='ocrx_word' id='word_1_56' title='bbox 226 784 321 845; x_wconf 88' lang='lat' dir='ltr'><strong>spes</strong></span> <span class='ocrx_word' id='word_1_57' title='bbox 341 782 522 830; x_wconf 86' lang='lat' dir='ltr'><strong>movit:</strong></span> <span class='ocrx_word' id='word_1_58' title='bbox 546 798 631 845; x_wconf 85' lang='lat' dir='ltr'><strong>pro</strong></span> <span class='ocrx_word' id='word_1_59' title='bbox 656 781 697 828; x_wconf 89' lang='lat' dir='ltr'><strong>se</strong></span> <span class='ocrx_word' id='word_1_60' title='bbox 726 780 911 845; x_wconf 83' lang='lat' dir='ltr'><strong>quisque</strong></span> <span class='ocrx_word' id='word_1_61' title='bbox 937 795 1156 826; x_wconf 86' lang='lat' dir='ltr'><strong>revocare</strong></span> <span class='ocrx_word' id='word_1_62' title='bbox 1175 777 1400 837; x_wconf 80' lang='lat' dir='ltr'><strong>jubebant.</strong></span> <span class='ocrx_word' id='word_1_63' title='bbox 1420 777 1504 823; x_wconf 84' lang='lat' dir='ltr'><strong>His</strong></span> 
     </span>
     <span class='ocr_line' id='line_1_11' title="bbox 225 849 1502 920; baseline -0.005 -18"><span class='ocrx_word' id='word_1_64' title='bbox 225 856 512 920; x_wconf 79' lang='lat' dir='ltr'><strong>praeparatis‚</strong></span> <span class='ocrx_word' id='word_1_65' title='bbox 547 855 738 902; x_wconf 87' lang='lat' dir='ltr'><strong>Diocles</strong></span> <span class='ocrx_word' id='word_1_66' title='bbox 771 871 873 902; x_wconf 92' lang='lat' dir='ltr'><strong>cum</strong></span> <span class='ocrx_word' id='word_1_67' title='bbox 905 852 1032 899; x_wconf 85' lang='lat' dir='ltr'><strong>omni</strong></span> <span class='ocrx_word' id='word_1_68' title='bbox 1062 851 1263 914; x_wconf 84' lang='lat' dir='ltr'><strong>equitatu</strong></span> <span class='ocrx_word' id='word_1_69' title='bbox 1295 849 1379 914; x_wconf 83' lang='lat'><strong>(&amp;</strong></span> <span class='ocrx_word' id='word_1_70' title='bbox 1409 861 1502 896; x_wconf 89' lang='lat' dir='ltr'><strong>erat</strong></span> 
     </span>
     <span class='ocr_line' id='line_1_12' title="bbox 227 921 1502 990; baseline -0.007 -15"><span class='ocrx_word' id='word_1_71' title='bbox 227 943 335 976; x_wconf 75' lang='lat' dir='ltr'><strong>tunc</strong></span> <span class='ocrx_word' id='word_1_72' title='bbox 369 928 600 990; x_wconf 61' lang='lat' dir='ltr'><strong>praefefiius</strong></span> <span class='ocrx_word' id='word_1_73' title='bbox 634 925 867 990; x_wconf 87' lang='lat' dir='ltr'><strong>equitum)</strong></span> <span class='ocrx_word' id='word_1_74' title='bbox 905 924 1047 987; x_wconf 83' lang='lat' dir='ltr'><strong>specie</strong></span> <span class='ocrx_word' id='word_1_75' title='bbox 1083 922 1335 970; x_wconf 82' lang='lat' dir='ltr'><strong>reducentis</strong></span> <span class='ocrx_word' id='word_1_76' title='bbox 1371 921 1502 968; x_wconf 83' lang='lat' dir='ltr'><strong>exsu-</strong></span> 
     </span>
     <span class='ocr_line' id='line_1_13' title="bbox 227 994 1503 1062; baseline -0.004 -16"><span class='ocrx_word' id='word_1_77' title='bbox 227 1001 316 1047; x_wconf 85' lang='lat' dir='ltr'><strong>lem</strong></span> <span class='ocrx_word' id='word_1_78' title='bbox 349 1000 570 1062; x_wconf 83' lang='lat' dir='ltr'><strong>hospitem</strong></span> <span class='ocrx_word' id='word_1_79' title='bbox 605 999 857 1062; x_wconf 56' lang='lat' dir='ltr'><strong>profestus„</strong></span> <span class='ocrx_word' id='word_1_80' title='bbox 877 997 948 1044; x_wconf 90' lang='lat' dir='ltr'><strong>die</strong></span> <span class='ocrx_word' id='word_1_81' title='bbox 976 1014 1027 1043; x_wconf 88' lang='lat' dir='ltr'><strong>ac</strong></span> <span class='ocrx_word' id='word_1_82' title='bbox 1062 997 1194 1042; x_wconf 69' lang='lat' dir='ltr'><strong>no&amp;e</strong></span> <span class='ocrx_word' id='word_1_83' title='bbox 1231 996 1386 1057; x_wconf 76' lang='lat' dir='ltr'><strong>ingens</strong></span> <span class='ocrx_word' id='word_1_84' title='bbox 1419 994 1503 1041; x_wconf 82' lang='lat' dir='ltr'><strong>iter</strong></span> 
     </span>
     <span class='ocr_line' id='line_1_14' title="bbox 229 1065 1504 1130; baseline -0.006 -12"><span class='ocrx_word' id='word_1_85' title='bbox 229 1071 452 1130; x_wconf 82' lang='lat' dir='ltr'><strong>emensus,</strong></span> <span class='ocrx_word' id='word_1_86' title='bbox 472 1087 574 1118; x_wconf 87' lang='lat' dir='ltr'><strong>cum</strong></span> <span class='ocrx_word' id='word_1_87' title='bbox 604 1070 740 1117; x_wconf 86' lang='lat' dir='ltr'><strong>millia</strong></span> <span class='ocrx_word' id='word_1_88' title='bbox 769 1070 843 1116; x_wconf 85' lang='lat' dir='ltr'><strong>sex</strong></span> <span class='ocrx_word' id='word_1_89' title='bbox 866 1070 922 1116; x_wconf 92' lang='lat' dir='ltr'><strong>ab</strong></span> <span class='ocrx_word' id='word_1_90' title='bbox 948 1069 1058 1115; x_wconf 80' lang='lat' dir='ltr'><strong>urbe</strong></span> <span class='ocrx_word' id='word_1_91' title='bbox 1081 1067 1269 1123; x_wconf 75' lang='lat' dir='ltr'><strong>abesset,</strong></span> <span class='ocrx_word' id='word_1_92' title='bbox 1288 1066 1388 1112; x_wconf 90' lang='lat' dir='ltr'><strong>luce</strong></span> <span class='ocrx_word' id='word_1_93' title='bbox 1415 1065 1504 1127; x_wconf 86' lang='lat' dir='ltr'><strong>pri-</strong></span> 
     </span>
     <span class='ocr_line' id='line_1_15' title="bbox 229 1135 1505 1198; baseline -0.005 -8"><span class='ocrx_word' id='word_1_94' title='bbox 229 1162 301 1190; x_wconf 84' lang='lat' dir='ltr'><strong>ma</strong></span> <span class='ocrx_word' id='word_1_95' title='bbox 332 1144 473 1190; x_wconf 86' lang='lat' dir='ltr'><strong>tribus</strong></span> <span class='ocrx_word' id='word_1_96' title='bbox 505 1141 652 1188; x_wconf 69' lang='lat' dir='ltr'><strong>eleffis</strong></span> <span class='ocrx_word' id='word_1_97' title='bbox 682 1141 869 1196; x_wconf 85' lang='lat' dir='ltr'><strong>turmis,</strong></span> <span class='ocrx_word' id='word_1_98' title='bbox 894 1151 1036 1187; x_wconf 85' lang='lat' dir='ltr'><strong>cetera</strong></span> <span class='ocrx_word' id='word_1_99' title='bbox 1065 1136 1348 1184; x_wconf 84' lang='lat' dir='ltr'><strong>multitudine</strong></span> <span class='ocrx_word' id='word_1_100' title='bbox 1377 1135 1505 1198; x_wconf 57' lang='lat' dir='ltr'><strong>equi-</strong></span> 
     </span>
     <span class='ocr_line' id='line_1_16' title="bbox 230 1211 1505 1278; baseline -0.007 -15"><span class='ocrx_word' id='word_1_101' title='bbox 230 1229 327 1264; x_wconf 81' lang='lat' dir='ltr'><strong>tum</strong></span> <span class='ocrx_word' id='word_1_102' title='bbox 357 1214 557 1278; x_wconf 86' lang='lat' dir='ltr'><strong>subsequi</strong></span> <span class='ocrx_word' id='word_1_103' title='bbox 584 1214 721 1277; x_wconf 78' lang='lat' dir='ltr'><strong>jussa,</strong></span> <span class='ocrx_word' id='word_1_104' title='bbox 746 1213 973 1276; x_wconf 81' lang='lat' dir='ltr'><strong>praeceffit.</strong></span> <span class='ocrx_word' id='word_1_105' title='bbox 1006 1211 1242 1274; x_wconf 85' lang='lat' dir='ltr'><strong>postquam</strong></span> <span class='ocrx_word' id='word_1_106' title='bbox 1262 1221 1405 1272; x_wconf 82' lang='lat' dir='ltr'><strong>portae</strong></span> <span class='ocrx_word' id='word_1_107' title='bbox 1424 1226 1505 1271; x_wconf 91' lang='lat' dir='ltr'><strong>ap-</strong></span> 
     </span>
     <span class='ocr_line' id='line_1_17' title="bbox 230 1280 1508 1350; baseline -0.004 -17"><span class='ocrx_word' id='word_1_108' title='bbox 230 1283 587 1350; x_wconf 78' lang='lat' dir='ltr'><strong>propinquabat,</strong></span> <span class='ocrx_word' id='word_1_109' title='bbox 624 1285 796 1332; x_wconf 81' lang='lat' dir='ltr'><strong>desilire</strong></span> <span class='ocrx_word' id='word_1_110' title='bbox 831 1300 990 1330; x_wconf 84' lang='lat' dir='ltr'><strong>omnes</strong></span> <span class='ocrx_word' id='word_1_111' title='bbox 1025 1299 1081 1329; x_wconf 84' lang='lat' dir='ltr'><strong>ex</strong></span> <span class='ocrx_word' id='word_1_112' title='bbox 1119 1280 1242 1344; x_wconf 88' lang='lat' dir='ltr'><strong>equis</strong></span> <span class='ocrx_word' id='word_1_113' title='bbox 1279 1280 1420 1340; x_wconf 78' lang='lat' dir='ltr'><strong>juffit,</strong></span> <span class='ocrx_word' id='word_1_114' title='bbox 1455 1282 1508 1328; x_wconf 84' lang='lat'>&amp;</span> 
     </span>
     <span class='ocr_line' id='line_1_18' title="bbox 230 1350 1511 1422; baseline -0.007 -15"><span class='ocrx_word' id='word_1_115' title='bbox 230 1361 342 1408; x_wconf 89' lang='lat' dir='ltr'><strong>loris</strong></span> <span class='ocrx_word' id='word_1_116' title='bbox 369 1360 530 1408; x_wconf 88' lang='lat' dir='ltr'><strong>ducere</strong></span> <span class='ocrx_word' id='word_1_117' title='bbox 560 1374 701 1422; x_wconf 86' lang='lat' dir='ltr'><strong>equos</strong></span> <span class='ocrx_word' id='word_1_118' title='bbox 716 1393 730 1415; x_wconf 92' lang='lat'><strong>,</strong></span> <span class='ocrx_word' id='word_1_119' title='bbox 759 1356 930 1403; x_wconf 89' lang='lat' dir='ltr'><strong>itineris</strong></span> <span class='ocrx_word' id='word_1_120' title='bbox 950 1353 1144 1401; x_wconf 80' lang='lat' dir='ltr'><strong>maxime</strong></span> <span class='ocrx_word' id='word_1_121' title='bbox 1161 1352 1302 1398; x_wconf 90' lang='lat' dir='ltr'><strong>modo</strong></span> <span class='ocrx_word' id='word_1_122' title='bbox 1319 1387 1333 1409; x_wconf 90' lang='lat'><strong>,</strong></span> <span class='ocrx_word' id='word_1_123' title='bbox 1353 1350 1511 1398; x_wconf 84' lang='lat' dir='ltr'><strong>solutis</strong></span> 
     </span>
     <span class='ocr_line' id='line_1_19' title="bbox 233 1423 1510 1491; baseline -0.009 -11"><span class='ocrx_word' id='word_1_124' title='bbox 233 1433 495 1480; x_wconf 80' lang='lat' dir='ltr'><strong>ordinibus:</strong></span> <span class='ocrx_word' id='word_1_125' title='bbox 523 1443 571 1478; x_wconf 90' lang='lat' dir='ltr'><strong>ut</strong></span> <span class='ocrx_word' id='word_1_126' title='bbox 600 1431 839 1480; x_wconf 84' lang='lat' dir='ltr'><strong>comitatus</strong></span> <span class='ocrx_word' id='word_1_127' title='bbox 866 1427 1003 1491; x_wconf 78' lang='lat' dir='ltr'><strong>magis</strong></span> <span class='ocrx_word' id='word_1_128' title='bbox 1033 1425 1227 1489; x_wconf 74' lang='lat' dir='ltr'><strong>praefeffi</strong></span> <span class='ocrx_word' id='word_1_129' title='bbox 1256 1423 1510 1482; x_wconf 85' lang='lat' dir='ltr'><strong>videretur,</strong></span> 
     </span>
     <span class='ocr_line' id='line_1_20' title="bbox 232 1499 1509 1571; baseline -0.009 -19"><span class='ocrx_word' id='word_1_130' title='bbox 232 1525 365 1571; x_wconf 86' lang='lat' dir='ltr'><strong>quam</strong></span> <span class='ocrx_word' id='word_1_131' title='bbox 385 1505 651 1570; x_wconf 86' lang='lat' dir='ltr'><strong>praefidium.</strong></span> <span class='ocrx_word' id='word_1_132' title='bbox 681 1503 745 1550; x_wconf 86' lang='lat' dir='ltr'><strong>lbi</strong></span> <span class='ocrx_word' id='word_1_133' title='bbox 772 1520 860 1550; x_wconf 87' lang='lat' dir='ltr'><strong>una</strong></span> <span class='ocrx_word' id='word_1_134' title='bbox 887 1519 944 1549; x_wconf 82' lang='lat' dir='ltr'><strong>ex</strong></span> <span class='ocrx_word' id='word_1_135' title='bbox 972 1501 1130 1547; x_wconf 78' lang='lat' dir='ltr'><strong>turmis</strong></span> <span class='ocrx_word' id='word_1_136' title='bbox 1158 1499 1212 1546; x_wconf 90' lang='lat' dir='ltr'><strong>ad</strong></span> <span class='ocrx_word' id='word_1_137' title='bbox 1238 1509 1415 1560; x_wconf 85' lang='lat' dir='ltr'><strong>portam</strong></span> <span class='ocrx_word' id='word_1_138' title='bbox 1436 1513 1509 1542; x_wconf 88' lang='lat' dir='ltr'><strong>re-</strong></span> 
     </span>
     <span class='ocr_line' id='line_1_21' title="bbox 233 1568 1510 1637; baseline -0.009 -12"><span class='ocrx_word' id='word_1_139' title='bbox 233 1578 333 1625; x_wconf 72' lang='lat' dir='ltr'><strong>li&amp;a</strong></span> <span class='ocrx_word' id='word_1_140' title='bbox 349 1613 363 1637; x_wconf 91' lang='lat'><strong>,</strong></span> <span class='ocrx_word' id='word_1_141' title='bbox 383 1594 438 1624; x_wconf 92' lang='lat' dir='ltr'><strong>ne</strong></span> <span class='ocrx_word' id='word_1_142' title='bbox 458 1575 638 1624; x_wconf 85' lang='lat' dir='ltr'><strong>excludi</strong></span> <span class='ocrx_word' id='word_1_143' title='bbox 659 1573 923 1637; x_wconf 83' lang='lat' dir='ltr'><strong>subsequens</strong></span> <span class='ocrx_word' id='word_1_144' title='bbox 940 1572 1166 1635; x_wconf 83' lang='lat' dir='ltr'><strong>equitatus</strong></span> <span class='ocrx_word' id='word_1_145' title='bbox 1184 1569 1349 1633; x_wconf 76' lang='lat' dir='ltr'><strong>posset,</strong></span> <span class='ocrx_word' id='word_1_146' title='bbox 1366 1568 1510 1614; x_wconf 88' lang='lat' dir='ltr'><strong>media</strong></span> 
     </span>
     <span class='ocr_line' id='line_1_22' title="bbox 233 1641 1509 1714; baseline -0.009 -14"><span class='ocrx_word' id='word_1_147' title='bbox 233 1653 342 1700; x_wconf 90' lang='lat' dir='ltr'><strong>urbe</strong></span> <span class='ocrx_word' id='word_1_148' title='bbox 362 1670 411 1700; x_wconf 91' lang='lat' dir='ltr'><strong>ac</strong></span> <span class='ocrx_word' id='word_1_149' title='bbox 427 1668 504 1714; x_wconf 90' lang='lat' dir='ltr'><strong>per</strong></span> <span class='ocrx_word' id='word_1_150' title='bbox 523 1650 700 1707; x_wconf 84' lang='lat' dir='ltr'><strong>forum,</strong></span> <span class='ocrx_word' id='word_1_151' title='bbox 715 1664 850 1694; x_wconf 90' lang='lat' dir='ltr'><strong>manu</strong></span> <span class='ocrx_word' id='word_1_152' title='bbox 866 1645 1176 1709; x_wconf 83' lang='lat' dir='ltr'><strong>Eurylochum</strong></span> <span class='ocrx_word' id='word_1_153' title='bbox 1196 1656 1377 1698; x_wconf 82' lang='lat' dir='ltr'><strong>tenens,</strong></span> <span class='ocrx_word' id='word_1_154' title='bbox 1394 1641 1509 1689; x_wconf 81' lang='lat' dir='ltr'><strong>mul-</strong></span> 
     </span>
     <span class='ocr_line' id='line_1_23' title="bbox 233 1714 1510 1785; baseline -0.011 -11"><span class='ocrx_word' id='word_1_155' title='bbox 233 1725 289 1773; x_wconf 87' lang='lat' dir='ltr'><strong>tis</strong></span> <span class='ocrx_word' id='word_1_156' title='bbox 316 1723 656 1773; x_wconf 84' lang='lat' dir='ltr'><strong>occurrentibus</strong></span> <span class='ocrx_word' id='word_1_157' title='bbox 687 1718 1120 1785; x_wconf 83' lang='lat' dir='ltr'><strong>gratulantibusque,</strong></span> <span class='ocrx_word' id='word_1_158' title='bbox 1154 1717 1340 1763; x_wconf 90' lang='lat' dir='ltr'><strong>domum</strong></span> <span class='ocrx_word' id='word_1_159' title='bbox 1369 1714 1510 1761; x_wconf 89' lang='lat' dir='ltr'><strong>dedu-</strong></span> 
     </span>
     <span class='ocr_line' id='line_1_24' title="bbox 236 1787 1510 1857; baseline -0.01 -13"><span class='ocrx_word' id='word_1_160' title='bbox 236 1797 318 1844; x_wconf 71' lang='lat' dir='ltr'><strong>xit.</strong></span> <span class='ocrx_word' id='word_1_161' title='bbox 353 1798 468 1842; x_wconf 84' lang='lat' dir='ltr'><strong>Mox</strong></span> <span class='ocrx_word' id='word_1_162' title='bbox 498 1795 700 1857; x_wconf 87' lang='lat' dir='ltr'><strong>equitum</strong></span> <span class='ocrx_word' id='word_1_163' title='bbox 721 1791 853 1855; x_wconf 89' lang='lat' dir='ltr'><strong>plena</strong></span> <span class='ocrx_word' id='word_1_164' title='bbox 881 1790 984 1835; x_wconf 82' lang='lat' dir='ltr'><strong>urbs</strong></span> <span class='ocrx_word' id='word_1_165' title='bbox 1015 1801 1125 1847; x_wconf 84' lang='lat' dir='ltr'><strong>erat,</strong></span> <span class='ocrx_word' id='word_1_166' title='bbox 1143 1789 1193 1835; x_wconf 60' lang='grc' dir='ltr'><strong>δέ</strong></span> <span class='ocrx_word' id='word_1_167' title='bbox 1217 1787 1320 1834; x_wconf 87' lang='lat' dir='ltr'><strong>loca</strong></span> <span class='ocrx_word' id='word_1_168' title='bbox 1339 1802 1510 1848; x_wconf 90' lang='lat' dir='ltr'><strong>oppor-</strong></span> 
     </span>
     <span class='ocr_line' id='line_1_25' title="bbox 236 1857 1510 1928; baseline -0.011 -13"><span class='ocrx_word' id='word_1_169' title='bbox 236 1881 345 1915; x_wconf 86' lang='lat' dir='ltr'><strong>tuna</strong></span> <span class='ocrx_word' id='word_1_170' title='bbox 363 1866 714 1928; x_wconf 83' lang='lat' dir='ltr'><strong>occupabantur.</strong></span> <span class='ocrx_word' id='word_1_171' title='bbox 746 1876 841 1909; x_wconf 88' lang='lat' dir='ltr'><strong>tum</strong></span> <span class='ocrx_word' id='word_1_172' title='bbox 872 1862 919 1908; x_wconf 89' lang='lat' dir='ltr'><strong>in</strong></span> <span class='ocrx_word' id='word_1_173' title='bbox 938 1861 1099 1907; x_wconf 88' lang='lat' dir='ltr'><strong>domos</strong></span> <span class='ocrx_word' id='word_1_174' title='bbox 1118 1858 1256 1917; x_wconf 85' lang='lat' dir='ltr'><strong>miffi,</strong></span> <span class='ocrx_word' id='word_1_175' title='bbox 1285 1857 1364 1921; x_wconf 88' lang='lat' dir='ltr'><strong>qui</strong></span> <span class='ocrx_word' id='word_1_176' title='bbox 1381 1857 1510 1919; x_wconf 88' lang='lat' dir='ltr'><strong>prin-</strong></span> 
     </span>
     <span class='ocr_line' id='line_1_26' title="bbox 238 1928 1514 2004; baseline -0.009 -16"><span class='ocrx_word' id='word_1_177' title='bbox 238 1941 360 2004; x_wconf 84' lang='lat' dir='ltr'><strong>cipes</strong></span> <span class='ocrx_word' id='word_1_178' title='bbox 379 1937 575 1986; x_wconf 85' lang='lat' dir='ltr'><strong>adversae</strong></span> <span class='ocrx_word' id='word_1_179' title='bbox 595 1934 800 1983; x_wconf 68' lang='lat' dir='ltr'><strong>faffionis</strong></span> <span class='ocrx_word' id='word_1_180' title='bbox 820 1931 1139 1981; x_wconf 83' lang='lat' dir='ltr'><strong>interficerent.</strong></span> <span class='ocrx_word' id='word_1_181' title='bbox 1172 1932 1237 1977; x_wconf 89' lang='lat' dir='ltr'><strong>Ita</strong></span> <span class='ocrx_word' id='word_1_182' title='bbox 1257 1928 1514 1978; x_wconf 81' lang='lat' dir='ltr'><strong>Demetrias</strong></span> 
     </span>
     <span class='ocr_line' id='line_1_27' title="bbox 236 2008 1406 2063; baseline -0.019 0"><span class='ocrx_word' id='word_1_183' title='bbox 236 2015 495 2063; x_wconf 76' lang='lat' dir='ltr'><strong>AEtolorum</strong></span> <span class='ocrx_word' id='word_1_184' title='bbox 526 2011 633 2057; x_wconf 65' lang='lat' dir='ltr'><strong>faita</strong></span> <span class='ocrx_word' id='word_1_185' title='bbox 668 2008 742 2055; x_wconf 88' lang='lat' dir='ltr'><strong>est.</strong></span> <span class='ocrx_word' id='word_1_186' title='bbox 788 2008 791 2012; x_wconf 72' lang='grc'>’</span> <span class='ocrx_word' id='word_1_187' title='bbox 1399 2040 1406 2048; x_wconf 76' lang='grc'>,</span> 
     </span>
     <span class='ocr_line' id='line_1_28' title="bbox 302 2075 1508 2133; baseline -0.01 -1"><span class='ocrx_word' id='word_1_188' title='bbox 302 2086 501 2131; x_wconf 87' lang='lat' dir='ltr'>XXXV.</span> <span class='ocrx_word' id='word_1_189' title='bbox 538 2084 859 2130; x_wconf 78' lang='lat' dir='ltr'><strong>Lacedaemone</strong></span> <span class='ocrx_word' id='word_1_190' title='bbox 894 2095 990 2127; x_wconf 88' lang='lat' dir='ltr'><strong>non</strong></span> <span class='ocrx_word' id='word_1_191' title='bbox 1016 2079 1117 2126; x_wconf 88' lang='lat' dir='ltr'><strong>urbi</strong></span> <span class='ocrx_word' id='word_1_192' title='bbox 1145 2077 1214 2128; x_wconf 88' lang='lat' dir='ltr'><strong>vis</strong></span> <span class='ocrx_word' id='word_1_193' title='bbox 1248 2075 1470 2124; x_wconf 86' lang='lat' dir='ltr'><strong>afferenda</strong></span> <span class='ocrx_word' id='word_1_194' title='bbox 1489 2108 1508 2133; x_wconf 86' lang='lat'>‚</span> 
     </span>
     <span class='ocr_line' id='line_1_29' title="bbox 236 2147 1509 2221; baseline -0.009 -17"><span class='ocrx_word' id='word_1_195' title='bbox 236 2158 311 2204; x_wconf 84' lang='lat' dir='ltr'><strong>sed</strong></span> <span class='ocrx_word' id='word_1_196' title='bbox 341 2169 561 2221; x_wconf 88' lang='lat' dir='ltr'><strong>tyrannus</strong></span> <span class='ocrx_word' id='word_1_197' title='bbox 592 2154 701 2200; x_wconf 89' lang='lat' dir='ltr'><strong>dolo</strong></span> <span class='ocrx_word' id='word_1_198' title='bbox 730 2153 973 2215; x_wconf 84' lang='lat' dir='ltr'><strong>capiendus</strong></span> <span class='ocrx_word' id='word_1_199' title='bbox 999 2164 1121 2199; x_wconf 87' lang='lat' dir='ltr'><strong>erat:</strong></span> <span class='ocrx_word' id='word_1_200' title='bbox 1157 2167 1314 2214; x_wconf 88' lang='lat' dir='ltr'><strong>quem,</strong></span> <span class='ocrx_word' id='word_1_201' title='bbox 1340 2147 1509 2211; x_wconf 89' lang='lat' dir='ltr'><strong>spolia-</strong></span> 
     </span>
     <span class='ocr_line' id='line_1_30' title="bbox 237 2222 1509 2288; baseline -0.007 -13"><span class='ocrx_word' id='word_1_202' title='bbox 237 2242 334 2275; x_wconf 82' lang='lat' dir='ltr'><strong>tum</strong></span> <span class='ocrx_word' id='word_1_203' title='bbox 364 2226 595 2275; x_wconf 84' lang='lat' dir='ltr'><strong>maritimis</strong></span> <span class='ocrx_word' id='word_1_204' title='bbox 623 2225 801 2288; x_wconf 87' lang='lat' dir='ltr'><strong>oppidis</strong></span> <span class='ocrx_word' id='word_1_205' title='bbox 820 2242 843 2270; x_wconf 93' lang='lat' dir='ltr'><strong>a</strong></span> <span class='ocrx_word' id='word_1_206' title='bbox 863 2224 1081 2271; x_wconf 88' lang='lat' dir='ltr'><strong>Romanis</strong></span> <span class='ocrx_word' id='word_1_207' title='bbox 1095 2259 1108 2282; x_wconf 94' lang='lat'><strong>,</strong></span> <span class='ocrx_word' id='word_1_208' title='bbox 1127 2236 1234 2271; x_wconf 90' lang='lat' dir='ltr'><strong>tunc</strong></span> <span class='ocrx_word' id='word_1_209' title='bbox 1256 2222 1370 2268; x_wconf 88' lang='lat' dir='ltr'><strong>intra</strong></span> <span class='ocrx_word' id='word_1_210' title='bbox 1388 2238 1509 2267; x_wconf 86' lang='lat' dir='ltr'><strong>moe-</strong></span> 
     </span>
     <span class='ocr_line' id='line_1_31' title="bbox 239 2293 1509 2357; baseline -0.006 -11"><span class='ocrx_word' id='word_1_211' title='bbox 239 2302 312 2347; x_wconf 88' lang='lat' dir='ltr'><strong>nia</strong></span> <span class='ocrx_word' id='word_1_212' title='bbox 342 2301 472 2347; x_wconf 88' lang='lat' dir='ltr'><strong>etiam</strong></span> <span class='ocrx_word' id='word_1_213' title='bbox 489 2298 821 2347; x_wconf 78' lang='lat' dir='ltr'><strong>Lacedaemonis</strong></span> <span class='ocrx_word' id='word_1_214' title='bbox 839 2298 894 2343; x_wconf 81' lang='lat' dir='ltr'><strong>ab</strong></span> <span class='ocrx_word' id='word_1_215' title='bbox 913 2298 1089 2344; x_wconf 80' lang='lat' dir='ltr'><strong>Achaeis</strong></span> <span class='ocrx_word' id='word_1_216' title='bbox 1109 2294 1384 2357; x_wconf 88' lang='lat' dir='ltr'><strong>compulsum</strong></span> <span class='ocrx_word' id='word_1_217' title='bbox 1398 2330 1411 2352; x_wconf 91' lang='lat'><strong>,</strong></span> <span class='ocrx_word' id='word_1_218' title='bbox 1431 2293 1509 2355; x_wconf 84' lang='lat' dir='ltr'><strong>qui</strong></span> 
     </span>
     <span class='ocr_line' id='line_1_32' title="bbox 243 2365 1510 2438; baseline -0.006 -17"><span class='ocrx_word' id='word_1_219' title='bbox 243 2373 498 2438; x_wconf 70' lang='lat' dir='ltr'><strong>occupasset</strong></span> <span class='ocrx_word' id='word_1_220' title='bbox 526 2371 760 2432; x_wconf 83' lang='lat' dir='ltr'><strong>occidere,</strong></span> <span class='ocrx_word' id='word_1_221' title='bbox 793 2387 896 2420; x_wconf 88' lang='lat' dir='ltr'><strong>eum</strong></span> <span class='ocrx_word' id='word_1_222' title='bbox 925 2371 1064 2419; x_wconf 84' lang='lat' dir='ltr'><strong>totius</strong></span> <span class='ocrx_word' id='word_1_223' title='bbox 1091 2368 1275 2434; x_wconf 83' lang='lat' dir='ltr'><strong>gratiam</strong></span> <span class='ocrx_word' id='word_1_224' title='bbox 1299 2366 1364 2415; x_wconf 82' lang='lat' dir='ltr'><strong>rei</strong></span> <span class='ocrx_word' id='word_1_225' title='bbox 1391 2365 1510 2430; x_wconf 83' lang='lat' dir='ltr'><strong>apud</strong></span> 
     </span>
    </p>
   </div>
   <div class='ocr_carea' id='block_1_3' title="bbox 1575 0 1618 2715">
    <p class='ocr_par' dir='ltr' id='par_1_3' title="bbox 1575 0 1618 2715">
     <span class='ocr_line' id='line_1_33' title="bbox 1575 0 1618 2715; baseline 0 0"><span class='ocrx_word' id='word_1_226' title='bbox 1575 0 1618 2715; x_wconf 95' lang='lat' dir='ltr'><strong> </strong></span> 
     </span>
    </p>
   </div>
  </div>
 </body>
</html>
