1618 2715
345 121 888 172 HISTORtARUM
925 121 1046 166 Lm,
1080 119 1197 165 xm.
1325 131 1419 181 439

196 237 343 284 XVII.
371 237 426 281 Et
445 232 520 279 ΤΞ,
535 229 828 294 Sempronius
850 229 1011 276 eodem
1029 239 1234 290 tempore
1255 224 1302 273 in
1320 227 1419 273 Sar·-

131 307 255 355 dinia
291 305 443 353 multis
482 303 684 350 secundis
721 300 899 365 proeliis
940 299 1102 346 Sardos
1144 297 1419 361 perdomuit.·

131 377 390 442 quindecim
420 375 557 422 millia
596 373 793 421 hostium
825 372 925 419 sunt
956 370 1079 419 caesa.
1118 371 1293 416 Omnes
1317 370 1421 415 Sar·-

132 453 296 498 dorum
331 448 523 513 populi,
563 448 641 511 qui
678 446 964 503 defecerant,
1005 443 1055 489 in
1087 442 1311 489 ditionem
1347 458 1421 489 re·-

132 524 261 572 daffi.
293 522 587 587 stipendiariis
617 520 845 571 veteribus
866 511 1031 582 duplex
1057 516 1247 580 vectigal
1279 515 1423 579 impe-

134 611 279 646 ratum
302 634 316 656 ,
352 597 679 660 exastumque:
725 594 859 642 ceteri
895 592 1171 639 frumentum
1208 589 1423 637 contule*

135 684 256 719 runt.
293 673 452 718 Pacata
483 669 756 734 provincia,
787 665 1102 729 obsidibusque
1137 681 1193 711 ex
1222 677 1319 712 tota
1353 663 1422 710 in-

137 745 227 792 sula
256 743 460 791 ducentis
493 742 675 805 triginta
695 739 888 802 acceptis
903 774 916 797 ‚
949 737 1081 802 legati
1101 738 1322 793 Romam,
1341 733 1425 799 qui

136 837 187 868 ea
223 819 514 871 nuntiarent,
550 816 693 872 miffi3
723 814 892 879 quique
918 813 973 859 ab
1005 812 1156 858 senatu
1186 820 1388 873 peterent
1408 842 1427 867 ,

136 906 188 941 ut
209 894 270 940 ob
293 908 363 939 eas
386 908 480 949 res,
500 892 633 937 dustu
654 888 943 952 auspicioque
961 886 1032 933 Ti.
1046 884 1301 948 Sempronii
1318 899 1427 946 pro-,

137 968 259 1032 spere
288 965 454 1030 gestas,
482 964 586 1012 Diis
616 961 948 1011 immortalibus
982 961 1133 1006 honos
1162 959 1428 1017 haberetur‚⁷

138 1039 311 1102 ipsique
347 1036 582 1086 decedenti
619 1032 671 1082 de
709 1033 954 1098 provincia
991 1030 1238 1079 exercitum
1277 1028 1426 1076 secum

138 1111 376 1174 deportare
405 1110 573 1157 liceret.
608 1110 820 1165 Senatus,
855 1107 900 1152 in
931 1105 1023 1151 aede
1053 1102 1279 1167 Apollinis
1311 1102 1426 1166 lega-

138 1195 293 1231 torum
329 1181 481 1230 verbis
517 1180 705 1236 auditis,
747 1177 1121 1242 supplicationem
1155 1176 1201 1222 in
1239 1174 1431 1221 biduum

140 1255 369 1312 decrevit,
403 1256 454 1302 &
478 1251 772 1316 quadraginta
802 1249 1048 1311 majoribus
1075 1247 1233 1295 hostiis
1262 1245 1430 1294 consu-

139 1329 203 1376 les
224 1326 471 1375 sacrificare
491 1324 633 1386 juffit:
662 1323 734 1372 Ti.
755 1322 1073 1385 Sempronium
1105 1318 1430 1383 proconsulem

137 1401 482 1462 exercitumque
502 1414 559 1444 eo
583 1413 706 1444 anno
727 1396 773 1442 in
794 1394 1037 1458 provincia
1055 1409 1246 1439 manere.
1265 1392 1432 1439 Comi-T

141 1473 203 1521 tia
229 1472 390 1520 deinde
424 1469 623 1518 consulis
650 1467 782 1516 unius
805 1465 1107 1530 subrogandi,
1134 1482 1234 1528 quae
1259 1464 1306 1511 in
1327 1475 1432 1511 ante

143 1545 261 1592 diem
288 1543 469 1591 tertium
490 1543 649 1588 Nonas
673 1539 859 1586 Sextiles
886 1538 1026 1585 edicta
1055 1550 1207 1595 erant,
1243 1553 1300 1584 eo
1331 1535 1436 1600 ipso

145 1618 217 1664 die
239 1616 338 1664 sunt
357 1614 579 1664 confessa.
604 1615 665 1673 Q.
682 1612 881 1659 Petillius
902 1609 1065 1659 consul
1084 1609 1303 1673 collegam
1317 1645 1333 1667 ‚
1354 1607 1436 1672 qui

144 1690 376 1753 extemplo
406 1688 710 1752 magistratum
738 1686 967 1748 occiperet
983 1719 998 1742 ‚
1022 1682 1194 1730 creavit
1219 1683 1272 1729 C.
1297 1679 1434 1726 Vale-

145 1764 264 1812 rium
297 1763 552 1810 Laevinum.
592 1764 661 1820 Is,
692 1759 781 1822 jam
810 1759 888 1805 diu
921 1757 1111 1820 cupidus
1145 1754 1436 1819 provinciae‚

148 1853 254 1884 cum
274 1848 550 1898 opportunae
575 1831 806 1896 cupiditati
824 1831 920 1893 ejus
943 1831 1085 1877 literae
1111 1829 1253 1876 allatae
1271 1827 1438 1886 ess'ent,

148 1908 333 1973 Ligures
358 1906 609 1965 rebellasse,
636 1904 785 1952 Nonis
807 1903 1050 1950 Sextilibus
1079 1901 1309 1964 paludatus
1328 1935 1343 1959 ‚
1378 1899 1437 1947 li-

149 1983 257 2029 teris
284 1981 476 2037 auditis,
502 1978 721 2027 tumultus
741 1976 836 2039 ejus
861 1976 987 2025 causa
1008 1975 1236 2039 legionem
1256 1974 1435 2021 tertiam

150 2055 206 2102 ad
237 2056 293 2104 C.
311 2054 551 2101 Claudium
573 2050 893 2115 proconsulem
919 2050 967 2096 in
986 2048 1181 2096 Galliam
1209 2045 1439 2109 proficisci

150 2126 291 2190 juffit3
319 2128 370 2174 &
398 2126 670 2173 duumviros
704 2123 885 2172 navales
915 2140 1019 2171 cum
1046 2121 1174 2170 classe
1202 2119 1316 2168 Pisas
1344 2120 1446 2179 ire,

152 2201 233 2264 qui
261 2200 474 2265 Ligurum
498 2217 625 2247 oram
645 2234 660 2256 ‚
690 2197 964 2245 maritimum
997 2211 1181 2260 quoque
1216 2208 1442 2242 ter-rorem

156 2273 453 2320 admoventes
470 2308 484 2332 ,
510 2271 983 2320 circumvefflirentur.
1014 2269 1186 2316 Eodem
1207 2268 1256 2315 δι
1275 2269 1336 2328 Q.
1355 2269 1441 2315 Pe-3

156 2343 296 2391 tillius
320 2344 478 2391 consul
502 2344 554 2390 ad
585 2342 953 2391 conveniendum
971 2340 1186 2390 exercitui
1212 2339 1327 2386 diem
1348 2339 1443 2386 edi-³

157 2428 295 2466 xerat.
330 2420 386 2466 Et
403 2419 457 2467 C.
474 2416 688 2466 Claudius
706 2414 984 2481 proconsul,
1018 2413 1168 2462 audita
1187 2411 1444 2462 rebellione

1098 2490 1135 2535 E
1160 2502 1183 2535 e
1215 2502 1249 2547 4
