1618 2715
268 116 811 166 HISTORtARUM
847 106 974 161 ΜΒ.
1009 114 1250 160 xxxvii.
1293 102 1410 175 '169

199 228 320 274 XLI.
349 227 450 272 Rex
479 222 570 286 ipse
590 223 635 269 in
655 223 844 269 dextero
867 237 1009 268 cornu
1033 236 1122 266 erat
1143 237 1154 265 t
1177 220 1413 266 Seleucum

134 299 274 346 filium
301 301 351 346 &
380 296 668 360 Antipatrum
697 294 847 340 fratris
880 292 1021 338 filium
1056 291 1102 337 in
1133 291 1256 336 laevo
1295 308 1412 351 pree-

133 374 312 437 posuit:
346 372 494 419 media
521 371 637 416 acies
665 368 808 415 tribus
838 365 1067 430 permissa,
1100 363 1329 418 Minioni,
1365 366 1415 412 δε

135 444 351 502 Zeuxidi,
384 445 434 490 δι
454 443 666 505 Philippo
701 440 913 503 magistro
934 438 1290 501 elephantorum.
1320 438 1417 483 Ne-

135 517 242 564 bula
259 515 504 574 matutina,
529 513 753 561 crescente
788 511 859 558 die
895 511 1038 557 levata
1068 512 1113 556 in
1142 510 1308 566 nubes,
1343 525 1418 554 ca-

135 589 320 653 liginem
347 588 481 635 dedit.
516 587 679 633 humor
712 586 775 632 in
775 586 843 642 le,
876 583 931 630 ab
966 601 1019 629 ai
1012 583 1111 630 stro
1133 583 1286 639 velut,
1319 598 1419 643 per-

138 661 254 709 fudit
275 662 442 709 omnia.
467 662 585 722 Quae
605 659 716 706 nihil
732 658 974 706 admodum
993 657 1234 712 Romanis,
1264 656 1391 702 eade
1390 674 1420 701 1

138 735 512 817 perincommoda
537 732 666 791 reoiis
695 743 834 779 erant.
870 747 968 776 mm
999 730 1045 776 &
1080 727 1323 775 obscuritas
1348 728 1420 774 lu·-

138 809 201 855 cis
220 809 267 854 in
287 808 379 855 acie
397 807 576 854 modica
600 803 818 851 Romanis
838 819 930 850 non
951 802 1202 848 adimebat
1194 818 1238 847 in
1261 817 1419 847 omnes

140 893 286 943 partes
315 879 622 942 ςοηΐρεξὶυηη
652 880 698 925 &
720 879 910 930 hiwimor
940 887 1043 921 toto
1076 875 1166 920 fere
1196 874 1320 937 gravi
1348 892 1420 920 ar-

139 973 181 1000 n
188 967 290 1013 atu,
322 954 433 1001 nihil
460 952 628 1015 gladios
651 963 725 996 aut
757 950 844 1011 pila
865 948 1129 995 hebetabat
1130 947 1275 1009 Regii
1292 982 1305 1003 ‚
1333 959 1422 994 tam

140 1026 226 1070 lata
244 1025 371 1082 acie,
404 1041 459 1071 ne
478 1042 532 1071 ex
555 1022 705 1069 medio
727 1021 905 1084 quidem
929 1036 1099 1066 cornua
1129 1017 1204 1064 sua
1228 1018 1421 1064 circum-

140 1098 305 1161 spicere
335 1111 575 1161 poterant,
607 1095 766 1141 nedum
801 1093 990 1140 extremi
1020 1092 1134 1137 inter
1167 1091 1206 1137 se
1236 1091 1420 1154 conspi-

141 1183 375 1217 cerentur:
408 1172 457 1217 δε
487 1169 654 1215 humor
673 1182 796 1213 arcus
823 1164 1067 1228 fundasque
1093 1166 1142 1210 &
1168 1163 1423 1224 jaculorum

141 1255 315 1287 amenta
334 1241 598 1288 emollierat.
635 1239 820 1286 Falcatae
850 1255 1032 1302 qnoque
1053 1235 1301 1298 quadrigae,
1324 1235 1425 1299 qui-

141 1317 222 1362 bus
240 1317 281 1363 se
301 1317 657 1379 perturbaturum
679 1313 873 1359 hostium
894 1312 1032 1359 aciem
1052 1310 1308 1357 Antiochus
1329 1327 1425 1356 cre-

141 1387 307 1434 diderat
324 1424 337 1445 ,
364 1388 410 1434 in
430 1387 532 1433 suos
552 1398 766 1432 terrorem
786 1396 1034 1432 verterunt.
1072 1396 1250 1428 armatae
1274 1394 1423 1428 autem

139 1460 183 1507 in
209 1460 326 1508 hunc
345 1459 534 1507 maxime
550 1459 734 1504 modum
753 1470 890 1504 erant.
918 1455 1117 1518 cuspides
1138 1454 1254 1501 circa
1279 1465 1425 1500 temo·

142 1550 243 1579 nem
263 1533 317 1578 ab
341 1532 449 1596 jugo
465 1533 618 1578 decem
636 1530 785 1578 cubita
805 1529 1022 1576 exstantes
1039 1564 1053 1586 ‚
1076 1527 1204 1574 velut
1221 1543 1392 1573 cornua
1405 1555 1422 1586 ‚

144 1606 392 1661 habebant3
413 1605 598 1668 quibus,
615 1602 831 1666 quidquid
849 1602 1039 1649 obvium
1062 1601 1261 1657 daretur,
1283 1612 1425 1647 trans·

142 1678 341 1742 figerent.
390 1679 438 1725 &
468 1678 515 1724 in
548 1675 756 1723 extremis
791 1673 903 1738 jugis
938 1674 1056 1721 binae
1093 1673 1213 1720 circa
1249 1673 1424 1719 emine-

144 1753 250 1798 bant
276 1751 436 1806 falces;
474 1750 608 1797 altera
629 1761 799 1812 aequata
824 1747 932 1811 jugo
948 1783 961 1805 ‚
993 1747 1127 1794 altera
1151 1745 1342 1791 inferior
1373 1745 1422 1792 in

144 1836 304 1870 terram
335 1824 533 1870 devexa:
572 1822 646 1868 illa
669 1857 681 1879 ‚
708 1834 785 1879 ut,
814 1819 1032 1884 quidquid
1064 1820 1118 1865 ab
1147 1818 1283 1864 latere
1304 1818 1424 1880 obji-

145 1908 317 1943 ceretur
333 1932 347 1953 ,
365 1895 640 1943 abscinderet
659 1912 669 1940 :
705 1894 823 1951 haec,
844 1909 894 1940 ut
920 1891 1152 1956 prolapsos
1173 1891 1427 1937 subeuntes-

150 1985 237 2031 que
258 1967 556 2031 contingeret.
591 1967 695 2012 item
728 1966 782 2012 ab
805 1965 963 2011 axibus
990 1976 1192 2010 rotarum
1217 1962 1429 2026 utrinque

145 2043 264 2088 bssnae
288 2042 447 2088 eodem
468 2040 608 2087 modo
634 2038 821 2085 diversae
843 2038 1148 2102 deligabantur
1170 2035 1316 2083 falces.
1355 2034 1430 2081 Sic

149 2129 337 2162 armatas
365 2113 599 2176 quadrigas
615 2148 629 2171 ,
650 2112 753 2175 quia
771 2148 785 2170 ‚
808 2111 839 2157 fi
858 2112 903 2157 in
922 2123 1124 2157 extremo
1139 2146 1153 2167 ,
1174 2122 1247 2156 aut
1267 2108 1314 2155 in
1333 2124 1430 2154 me-

145 2186 224 2232 dio
257 2186 417 2233 locatae
439 2184 590 2231 forent
608 2220 623 2242 ,
654 2201 732 2246 per
755 2184 856 2230 suos
875 2183 1057 2245 agendae
1077 2195 1230 2239 erant,
1261 2180 1308 2226 in
1335 2179 1429 2242 pri-

148 2275 220 2303 ma
239 2257 332 2304 acie
347 2293 361 2314 ‚
393 2268 442 2303 ut
464 2268 566 2303 ante
587 2256 752 2302 dif‘mm
778 2255 839 2302 est
854 2290 867 2312 ‚
898 2255 1131 2301 locaverat
1160 2269 1251 2299 rex.
1287 2250 1430 2310 Quod

148 2330 225 2375 ubi
245 2333 463 2376 Eumenes
495 2329 610 2377 vidit
624 2364 638 2387 ‚
666 2328 783 2374 haud
804 2328 980 2391 ignarus
1001 2343 1162 2389 pugnae
1179 2360 1194 2382 ,
1228 2326 1277 2370 &
1296 2339 1430 2385 quam

149 2419 311 2466 anceps
334 2402 439 2452 efi'et
457 2401 612 2451 auxilii
647 2417 787 2465 genus
807 2436 823 2459 ,
859 2400 891 2446 st
921 2398 1019 2464 quis
1045 2413 1263 2462 pavorem
1282 2395 1425 2460 magis
