1618 2715
240 162 295 192 12
597 145 1154 196 T1T1L1V11

233 253 375 317 phum
392 290 405 311 ‚
438 269 522 302 nec
547 255 730 318 adeptus
758 271 879 302 erat:
913 276 993 317 pro
1008 258 1145 315 fratre
1171 273 1365 317 germano
1386 288 1400 311 ‚
1427 273 1514 300 notz

228 331 411 386 patruele
426 362 439 384 ‚
453 329 503 388 se
523 345 681 389 petere,
705 326 874 389 ajebat:
893 349 971 389 pro
992 334 1122 391 legato
1146 327 1406 390 &participe
1430 330 1513 373 ad·-

234 401 454 465 ministrati
473 404 582 447 belli.
589 402 639 462 fi
662 418 766 447 terra
779 437 793 461 ‚
802 402 976 460 fratrem
995 404 1126 459 mari,
1144 421 1223 447 rem
1243 398 1404 463 gffffi.
1433 398 1516 444 His

234 474 455 533 obtinuit,
473 488 521 521 ut
542 476 825 538 praeferretur
846 476 1083 524 candidato
1098 512 1111 534 ‚
1125 492 1256 539 quem
1276 474 1515 521 Africanus

234 543 369 591 frater
390 547 604 604 ducebat3
625 566 758 612 quem
776 549 991 596 Cornelia
1009 565 1114 611 gens
1128 583 1140 606 ‚
1161 547 1381 594 Cornelio
1403 563 1517 592 con:-

234 618 325 665 sule
345 620 528 667 comitia
546 622 762 677 habente3
784 639 917 685 quem
932 633 1106 667 tantum
1125 620 1434 684 praejudicium
1454 617 1516 664 se-

236 705 390 751 natus,
425 693 577 740 virum
611 712 634 741 e
666 694 849 742 civitate
881 694 1104 756 optimum
1140 693 1414 755 judicatum,
1439 691 1517 754 qui

234 777 419 811 matrem
448 767 606 814 Idaeam
637 767 888 814 Peffinunte
916 767 1174 812 venientem
1197 766 1242 813 in
1264 765 1419 811 urbem
1441 781 1517 810 ac-

236 836 418 899 ciperet.
439 841 486 885 L.
506 838 746 899 Quinffius
763 840 812 886 &
833 839 919 886 Cn.
934 838 1169 886 Domitius
1190 836 1520 883 Ahenobarbus

236 910 443 958 consules
464 911 579 959 facti.
617 913 729 959 adeo
751 928 806 958 ne
824 912 870 959 in
891 911 1071 975 plebeio
1092 911 1275 975 quidem
1309 908 1489 956 consule
1505 942 1521 965 ‚

236 999 337 1030 cum
354 1001 437 1046 pro
454 987 507 1038 C,
523 985 662 1031 Laelio
682 984 922 1040 niteretur,
938 984 1179 1031 Africanus
1194 983 1351 1028 valuit.
1368 979 1519 1028 Poste-

236 1071 291 1101 ro
324 1056 394 1102 die
423 1068 638 1118 praetores
660 1055 796 1103 creati
816 1057 863 1102 L.
882 1055 1148 1102 Scribonius
1170 1054 1308 1110 Libo,
1339 1050 1519 1099 M.Ful-

238 1126 342 1175 vius
361 1129 652 1176 Centumalus
669 1164 682 1186 ‚
711 1131 764 1175 A.
787 1127 950 1174 Atilius
971 1129 1184 1174 Serranus
1204 1162 1218 1185 ‚
1249 1128 1310 1171 M.
1340 1124 1518 1171 Baebius

236 1200 499 1264 Tamphilus
521 1238 534 1259 ‚
560 1204 609 1248 L.
629 1201 834 1248 Valerius
851 1204 1013 1264 Tappo
1030 1237 1043 1259 ,
1075 1203 1136 1260 Q.
1157 1199 1360 1246 Salonius
1378 1199 1520 1249 Sarra.

237 1275 436 1321 AEdilitas
455 1275 634 1338 infignis
649 1291 706 1320 eo
726 1290 847 1320 anno
870 1273 953 1319 fuit
970 1276 1032 1320 M.
1049 1273 1217 1320 AEmilii
1231 1271 1387 1335 Lepidi
1405 1273 1528 1323 &L0
1600 1311 1606 1337 '5

237 1343 413 1395 AEmilii‘
427 1348 581 1395 Paulli.
612 1347 785 1395 Multos
809 1346 1047 1410 pecuarios
1067 1346 1358 1392 damnarunt:
1391 1360 1446 1390 ex
1470 1361 1523 1391 ea
1600 1341 1607 1370 ‘³'

234 1421 429 1484 ‘pecunia
462 1421 623 1484 clypea
642 1420 840 1467 inaurata
868 1419 913 1464 in
935 1418 1109 1482 fastigio
1138 1418 1267 1465 Jov‘is
1299 1417 1404 1463 aedis
1430 1434 1520 1479 po-

239 1493 437 1541 suerunt.
458 1494 688 1540 porticum
706 1510 838 1538 unam
857 1503 982 1538 extra
999 1503 1175 1554 portam
1189 1490 1523 1554 Trigeminam,

239 1566 449 1629 emporio
472 1566 528 1612 ad
545 1564 746 1613 Tiberim
768 1562 970 1626 adje&0;
997 1563 1180 1610 alteram
1202 1581 1225 1610 a
1250 1576 1381 1626 porta
1402 1568 1523 1612 Fon-

240 1640 367 1688 tinali
394 1640 449 1686 ad
467 1639 621 1687 Martis
656 1654 774 1685 aram
791 1673 805 1697 ,
838 1655 926 1702 qua
948 1637 994 1684 in
1025 1639 1247 1701 Campum
1276 1637 1361 1685 iter
1388 1638 1523 1698 effct,

241 1714 566 1776 perduxerunt.
1023 1762 1025 1764 ,
1499 1756 1503 1761 .

307 1788 388 1834 X1.
425 1787 521 1833 Diu
551 1786 662 1833 nihil
683 1786 728 1832 in
752 1786 986 1850 Liguribus
1007 1787 1190 1850 dignum
1211 1785 1428 1832 memoria
1445 1801 1524 1850 ge-

243 1859 354 1906 stum
386 1872 492 1908 erat.
527 1863 742 1907 Extremo
778 1860 873 1923 ejus
906 1859 1012 1907 anni
1047 1859 1112 1905 bis
1141 1860 1188 1904 in
1218 1875 1426 1922 magnum
1446 1874 1525 1922 pe-

242 1932 434 1979 riculum
454 1950 521 1980 res
542 1933 726 1979 adducta
745 1934 820 1980 est.
856 1950 955 1980 nam
979 1935 1028 1980 &
1048 1932 1185 1979 castra
1211 1930 1407 1978 consulis
1437 1947 1524 1993 op-

244 2018 438 2069 pugnata
457 2041 470 2063 ,
502 2023 616 2069 aegre
642 2005 741 2052 sunt
764 2005 965 2053 defensa:
992 2007 1042 2053 &
1061 2022 1156 2052 non
1179 2004 1239 2051 ita
1257 2002 1401 2050 multo
1424 2002 1525 2066 post

244 2095 325 2141 per
346 2078 502 2126 saltum
535 2079 761 2142 angustum
792 2097 895 2126 cum
923 2079 1160 2126 duceretur
1179 2094 1336 2141 agmen
1353 2077 1526 2123 Roma-

248 2170 382 2209 num,
421 2152 532 2215 ipsas
561 2152 710 2201 fauces
742 2155 965 2201 exercitus
988 2154 1201 2224 Ligurum
1232 2150 1403 2199 insedit.
1438 2167 1526 2212 qua

247 2242 347 2271 curn
381 2224 525 2271 exitus
556 2241 651 2271 non
679 2237 849 2288 pateret
868 2263 884 2283 ,
924 2225 1159 2272 converso-
1178 2223 1351 2289 agmine
1381 2222 1528 2269 redire

229 2296 406 2343 vinstitit
436 2296 616 2344 consul:
651 2298 700 2346 δε
723 2298 779 2344 ab
803 2310 929 2362 tergo
961 2298 1112 2345 fauces
1139 2298 1267 2344 saltus
1294 2307 1528 2358 occupatae
1604 2356 1606 2366 J

247 2387 273 2416 a
299 2382 422 2433 parte
451 2370 643 2417 hostium
673 2383 799 2418 erant
817 2408 830 2430 ,
854 2372 1158 2435 Caudinaeque
1186 2370 1324 2418 cladis
1352 2384 1529 2416 memo·

248 2443 314 2490 ria
351 2460 447 2490 non
477 2443 637 2491 animis
670 2445 839 2505 modo,
871 2444 944 2491 sed
973 2460 1117 2510 prope
1147 2442 1321 2502 oculis,
1360 2441 1530 2490 obver-
1603 2458 1605 2507 j
