1618 2715
198 73 293 125 344
546 54 1187 112 T1T1L1v11'

200 166 382 214 viorem
416 167 530 226 effe,
550 184 685 230 quam
713 167 878 228 vellet,
897 170 1118 218 minorem
1151 171 1292 220 filium
1321 175 1473 223 cense-

197 241 287 290 bat.
324 242 647 290 Offendebatur
677 243 901 290 interdum
927 246 1147 293 concursu
1172 248 1474 298 Macedonum

201 314 257 359 ad
277 330 375 360 eum
392 350 405 371 ‚
424 317 472 361 &
491 315 669 362 alteram
688 315 775 377 jam
796 316 837 363 se
858 317 974 364 vivo
994 318 1157 381 regiam
1177 320 1260 366 effe
1280 316 1485 384 indigna?

201 385 344 433 batur.
381 389 434 432 Et
464 387 553 449 ipse
582 387 764 449 juvenis
798 390 914 435 haud
947 390 1077 436 dubie
1103 391 1303 439 inflatior
1334 396 1476 442 redie-

203 469 297 513 rat,
324 458 524 507 subnisus
556 479 656 524 erga
685 462 726 508 se
749 462 922 524 judiciis
951 462 1151 522 senatus,
1177 467 1475 525 conceffisque

206 529 286 574 fibi
301 565 314 586 ‚
336 547 433 592 quae
452 534 565 596 patri
593 549 750 598 negata
769 536 927 583 efi'ent:
951 539 1000 584 &
1023 538 1170 583 onmis
1189 540 1359 588 mentio
1383 543 1478 588 Ro-

203 606 443 649 manorum
458 639 473 663 ,
492 621 701 668 quantam
722 608 979 669 dignitatem
997 609 1037 655 ei
1056 610 1173 671 apud
1192 625 1362 659 ceteros
1381 615 1476 660 Ma-

206 674 403 722 cedonas
420 712 434 732 ‚
461 691 627 728 tantam
653 680 872 727 invidiam
889 716 902 738 ‚
924 697 1019 727 non
1038 683 1155 743 apud
1175 682 1355 730 fratrem
1372 701 1478 733 mo..

207 744 295 803 do,
329 745 401 792 sed
432 747 565 795 etiam
595 752 711 812 apud
752 764 951 813 patrem,
985 754 1290 802 conciliabat:
1323 757 1480 821 utique

204 818 440 882 postquam
475 823 549 869 alii
580 823 711 886 legati
744 826 940 873 Romani
971 841 1224 885 venerunt,
1255 831 1303 876 ὃ(
1340 846 1480 892 coge-

204 890 337 937 batur
363 893 577 941 decedere
605 897 796 944 Thracia
812 934 827 954 ‚
852 898 1140 962 praesidiaque
1165 901 1379 947 deducere
1395 937 1408 959 ,
1431 904 1480 949 δε

207 963 291 1011 alia
306 999 320 1022 ,
337 979 413 1012 aut
432 984 487 1014 ex
507 969 688 1016 decreto
711 971 911 1032 priorum
931 971 1181 1034 legatorum
1196 1007 1210 1029 ‚
1228 986 1303 1019 aut
1322 991 1376 1019 ex
1396 991 1479 1020 no-

208 1053 267 1082 va
302 1039 622 1088 constitutione
652 1042 848 1101 senatus,
872 1042 1030 1090 facere.
1067 1044 1151 1090 Sed
1182 1046 1333 1092 omnia
1360 1064 1478 1093 moe-

205 1123 309 1153 rens
336 1108 516 1170 quidem
543 1113 592 1158 ὃς
621 1127 828 1174 gemens,
857 1111 949 1176 (eo
983 1112 1144 1176 magis,
1180 1115 1306 1177 quod
1336 1114 1476 1162 filium

206 1177 558 1242 frequentiorem
589 1200 730 1246 prope
750 1202 850 1230 cum
879 1183 991 1243 illis,
1018 1203 1149 1249 quam
1177 1187 1348 1245 secum,
1381 1206 1479 1235 cer-

209 1251 378 1315 nebat)
400 1254 662 1302 obedienter
692 1268 839 1303 tamen
862 1257 1069 1305 adversus
1090 1260 1320 1306 Romanos
1341 1260 1480 1308 facie-

205 1324 308 1381 bat,
325 1344 381 1374 ne
398 1345 532 1391 quam
553 1330 771 1378 movendi
797 1330 1025 1393 extemplo
1046 1331 1151 1377 belli
1172 1331 1346 1379 causam
1366 1351 1482 1396 prae·

207 1397 348 1446 beret.
390 1402 676 1450 Avertendos
709 1403 843 1450 etiam
876 1403 1050 1451 animos
1076 1422 1100 1451 a
1131 1403 1381 1468 suspicione
1415 1419 1482 1452 ta·-

209 1469 321 1516 lium
344 1473 634 1523 consiliorum
653 1486 798 1530 ratus,
819 1474 1011 1521 mediam
1029 1475 1076 1521 in
1094 1475 1331 1523 Thraciam
1353 1494 1483 1523 exer-

209 1545 346 1593 citum
368 1547 414 1594 in
434 1547 634 1612 Odrysas
648 1585 663 1605 ,
683 1550 732 1597 &
750 1548 1052 1596 Dentheletos
1067 1585 1082 1607 ‚
1099 1550 1149 1596 ὅ(
1168 1549 1316 1596 Beffos
1337 1550 1483 1598 duxit.

210 1620 556 1686 Philippopolin
576 1624 756 1679 urbem,
778 1622 879 1688 fuga
897 1621 1109 1670 desertam
1132 1622 1484 1686 oppidanorum,

209 1694 290 1756 qui
319 1694 365 1740 in
398 1697 607 1757 proxima
635 1697 858 1743 montium
889 1696 990 1759 juga
1018 1713 1120 1743 cum
1149 1695 1326 1742 familiis
1354 1711 1483 1742 rece-

212 1779 371 1827 perant
400 1767 510 1821 sese,
529 1767 648 1830 cepit
670 1787 681 1815 :
712 1767 1059 1830 campestresque
1078 1766 1290 1814 barbaros
1305 1801 1318 1824 ,
1343 1767 1485 1829 depo·-

210 1840 388 1901 pulatus
423 1857 552 1904 agros
585 1857 772 1899 eorum,
799 1841 846 1887 in
881 1840 1156 1888 deditionem
1184 1839 1370 1901 accepit.
1409 1856 1481 1886 re-

210 1911 318 1957 licto
350 1911 452 1958 inde
481 1914 536 1959 ad
565 1912 906 1976 Philippopolin
938 1913 1167 1975 praefidio,
1206 1912 1330 1975 quod
1366 1912 1484 1961 haud

209 1983 356 2030 multo
387 1984 485 2046 post
513 1985 566 2031 ab
595 1986 783 2050 Odrysis
812 1985 1042 2048 expulsum
1068 1985 1157 2044 est,
1188 1983 1403 2048 oppidum
1437 1985 1486 2031 in

211 2057 452 2119 Deuriopo
488 2059 682 2105 condere
714 2058 913 2106 instituit.
956 2060 1150 2106 Paeoniae
1178 2075 1229 2105 ea
1259 2058 1384 2121 regio
1420 2058 1482 2106 est

213 2144 355 2189 prope
374 2129 618 2193 Erigonum
636 2130 856 2186 fluvium3
877 2131 972 2194 qui,
989 2148 1046 2178 ex
1063 2130 1251 2195 Illyrico
1271 2146 1350 2192 per
1366 2130 1483 2175 Paeo·

210 2200 332 2246 niam
352 2200 493 2248 fluens
510 2237 522 2259 ,
542 2201 587 2248 in
606 2203 771 2249 Axium
793 2220 968 2254 amnem
986 2203 1144 2250 editur.
1175 2203 1304 2248 Haud
1322 2203 1481 2263 procul

212 2274 384 2331 Stobi5‚
410 2288 560 2323 vetere
585 2276 723 2333 urbe,
748 2292 918 2322 novam
946 2276 1105 2323 urbem
1129 2273 1352 2330 Perseida,
1378 2289 1426 2322 ut
1447 2276 1484 2327 is

210 2344 308 2395 filio
339 2346 500 2409 majori
529 2348 761 2398 haberetur
791 2349 968 2409 honos,
988 2345 1196 2416 appellari
1218 2346 1353 2413 justit.
