1618 2715
319 129 865 179 fflsroniARUM
900 128 1022 176 Lm.
1063 126 1160 177 XL.
1294 143 1387 191 399

106 236 231 283 &ura
249 236 436 283 militum
458 234 555 282 fuit.
577 232 891 296 quadringenti
909 231 1181 294 septuaginta
1196 231 1288 277 duo
1309 231 1387 277 mi·

106 309 209 357 lites
239 307 456 364 Romani,
476 306 649 354 socium
680 322 730 351 ac
754 303 902 351 Latini
933 302 1133 350 nominis
1161 302 1284 348 mille
1311 303 1388 348 de-

109 399 208 428 cem
240 383 289 428 &
318 397 515 434 novem,
539 396 641 426 cum
674 378 742 425 his
765 377 848 423 tria
875 375 1014 422 millia
1038 375 1230 423 militum
1259 374 1388 421 auxi-

105 455 339 500 liariorum
368 453 610 516 perierunt.
638 451 699 498 ita
723 450 872 496 vidior
892 449 1115 497 exercitus
1130 484 1150 506 ,,
1165 459 1388 494 renovata

106 527 261 590 priore
285 527 454 590 gloria,
474 527 778 573 Tarraconem
805 523 866 570 est
893 524 1142 586 perduCius.
1172 520 1389 568 Venienti

107 599 272 648 Fulvio
293 601 366 648 Ti.
393 599 685 662 Sempronius
708 610 875 660 praetor
889 634 902 654 ,
921 596 1000 660 qui
1021 596 1159 643 biduo
1181 607 1283 642 ante
1307 611 1391 641 ve-

108 686 260 731 nerat,
295 674 478 720 obviam
507 672 750 736 processit:
783 669 1110 733 gratulatusque
1139 669 1231 725 est,
1261 668 1389 731 quod

108 747 430 810 rempublicam
455 746 627 809 egregie
653 744 848 808 geffiffet.
875 760 976 790 cum
998 743 1164 788 summa
1191 758 1389 789 concor-

111 821 211 877 dia,
235 837 351 884 quos
375 820 650 866 dimitterent
665 855 678 876 ‚
701 818 903 881 quosque
927 817 1169 863 retinerent
1192 815 1355 862 milites
1371 850 1389 872 ‚

111 892 478 954 composuerunt.
497 892 602 937 Inde
625 889 812 937 Fulvius
827 925 842 945 ‚
860 887 1154 935 exaurfitoratis
1172 887 1388 933 militibus

110 962 160 1009 in
185 978 325 1008 naves
345 959 591 1023 impositis,
613 961 806 1006 Romam
828 960 889 1006 est
909 959 1148 1023 profe&us.
1173 960 1390 1022 Sempro÷

112 1036 212 1082 nius
233 1036 277 1081 in
300 1034 592 1081 Celtiberiam
614 1033 814 1096 legiones
835 1032 980 1078 duxit.

179 1110 298 1155 XLI.
331 1105 550 1153 Consules
576 1106 710 1152 ambo
741 1104 786 1150 in
813 1105 993 1167 Ligures
1012 1104 1234 1152 exercitus
1253 1103 1393 1151 indu-

111 1194 277 1229 xerunt
309 1178 494 1226 diversis
519 1179 729 1240 partibus.
762 1177 1013 1224 Postumius
1033 1176 1176 1240 prima
1194 1178 1243 1223 &
1264 1177 1411 1223 tertia'

111 1253 290 1318 legione
317 1251 520 1298 Balistam
543 1249 952 1312 Suismontiumque
973 1261 1152 1295 montes
1181 1249 1354 1295 obsedit
1375 1267 1390 1296 :

113 1329 162 1374 δέ
175 1363 188 1385 ,
206 1325 451 1390 premendo
471 1324 682 1387 praesi'diis
700 1324 908 1388 angustos
927 1323 1055 1369 saltus
1072 1339 1252 1379 eorum,
1273 1339 1392 1370 com-

112 1415 282 1446 meatus
313 1397 582 1455 interclusit,
618 1397 865 1460 inopiaque
896 1395 1102 1442 omnium
1135 1412 1281 1441 rerum
1311 1411 1393 1442 eos

113 1471 386 1535 perdomuit.
410 1469 614 1526 Fulvius,
635 1469 824 1516 secunda
838 1471 886 1516 δε
900 1480 1056 1531 quarta
1069 1468 1246 1531 legione
1261 1467 1392 1514 ador-

113 1557 185 1591 tus
214 1562 237 1590 a
264 1543 368 1590 Pifis
394 1544 608 1604 Apuanos
630 1542 838 1605 Ligures,
859 1541 937 1604 qui
955 1557 1111 1587 eorum
1142 1541 1256 1587 circa
1292 1542 1394 1586 Ma-

114 1633 236 1664 cram
262 1614 453 1662 fluvium
474 1614 761 1671 incolebant,
782 1613 828 1659 in
850 1611 1124 1660 deditionem
1153 1624 1362 1675 acceptos
1378 1647 1395 1670 ,

114 1689 170 1735 ad
188 1686 350 1750 septem
370 1685 506 1732 millia
525 1685 764 1732 hominum
786 1685 831 1731 in
850 1701 988 1731 naves
1005 1683 1262 1747 impositos,
1282 1701 1394 1747 prae-

113 1773 180 1808 ter
212 1777 339 1807 oram
372 1759 545 1807 Etrusci
569 1760 702 1806 maris
727 1759 969 1821 Neapolim
1004 1757 1249 1804 transmisit.
1287 1759 1392 1805 inde

114 1834 162 1880 in
197 1833 423 1880 Samnium
453 1833 670 1891 traduffi,
695 1849 887 1897 agerque
918 1833 985 1878 his
1004 1832 1119 1878 inter
1148 1833 1391 1895 populares

113 1907 240 1952 datus
268 1905 342 1952 est.
384 1907 712 1952 Montanorum
742 1906 958 1969 Ligurum
986 1906 1040 1951 ab
1074 1907 1128 1951 A.
1158 1905 1391 1952 Postumio

114 1980 262 2027 vineae
291 1978 438 2034 caesae,
464 1978 777 2041 frumentaque
802 1977 982 2024 deusta:
1014 1978 1160 2025 donec
1191 1977 1391 2026 cladibus

115 2052 327 2098 omnibus
359 2052 464 2098 belli
493 2052 636 2099 coaffl
665 2052 710 2098 in
741 2052 1016 2099 deditionem
1042 2066 1292 2110 venerunt,
1320 2072 1394 2100 ar-

115 2142 277 2187 maque
308 2126 593 2172 tradiderunt.
627 2125 831 2172 Navibus
858 2124 961 2172 inde
982 2125 1228 2173 Postumius
1247 2128 1301 2173 ad
1324 2128 1393 2174 vi·

113 2200 293 2246 senilam
322 2216 447 2246 oram
478 2202 778 2261 Ingaunorum
805 2199 1231 2262 Intemeliorumque
1256 2202 1393 2264 Ligu-

116 2289 217 2319 rum
248 2273 473 2335 processit.
507 2273 765 2336 Priusquam
792 2274 837 2319 hi
869 2273 1071 2321 consules
1097 2275 1305 2322 venirent
1336 2276 1391 2322 ad

115 2346 361 2394 exercitum
377 2383 388 2403 ,
407 2347 485 2409 qui
504 2346 621 2394 Pisas
639 2347 843 2394 indutias
862 2361 977 2406 erat,
996 2361 1216 2411 praeerant
1235 2352 1284 2396 A.
1301 2350 1394 2395 Po-

117 2418 300 2467 stumius
321 2422 367 2469 &
383 2419 516 2469 frater
535 2422 594 2482 Q.
613 2421 762 2474 Fulvii
783 2423 848 2472 M.
866 2422 1048 2474 Fulvius
1065 2423 1296 2472 Nobilior.
1315 2423 1393 2477 See
