1618 2715
253 115 341 160 160
596 109 1154 158 TITILIVII

311 218 526 264 XXXIII.
559 218 643 262 Per
674 216 787 262 idem
825 215 915 263 fere
945 229 1118 280 tempus
1152 215 1350 275 consuli,
1381 217 1524 264 trans-⁴·

248 290 390 355 gresso
412 290 648 337 AEniorum
671 288 1088 354 Maronitarumque
1114 288 1244 348 fines,
1262 290 1494 335 nuntiatur
1509 326 1525 346 ‚

246 364 407 410 victam
429 363 592 425 regiam
617 362 788 409 classem
817 363 869 409 ad
890 362 1194 426 Myonnesum
1209 398 1222 420 ‚
1242 362 1524 425 reliElamque

247 454 269 483 a
305 435 508 497 pracsidio
548 434 870 497 Lysimachiam
906 435 1004 481 effe.
1040 436 1086 480 Id
1115 435 1280 492 multo,
1308 452 1441 497 quam
1469 434 1524 480 de

246 507 398 553 navali
432 505 651 563 vidoria,
681 505 822 552 laetius
856 507 972 553 fuit:
1003 507 1158 571 utique
1194 507 1429 570 postquam
1463 524 1521 553 eo

246 591 492 636 venerunt,
514 577 766 643 refertaque
783 581 889 626 urbs
911 582 1115 627 omnium
1133 598 1279 628 rerum
1301 597 1524 628 commea-

245 655 392 710 tibus,
419 653 544 699 velut
562 653 605 698 in
637 653 878 699 adventum
903 654 1127 700 exercitus
1147 654 1423 716 praeparatis,
1444 670 1524 700 eos

245 727 449 789 excepit3
470 726 547 772 ubi
570 725 773 788 inopiam
797 726 999 773 ultimam
1022 727 1311 789 laboremque
1332 727 1377 773 in
1407 727 1524 773 obsi-

247 803 391 849 denda
415 801 523 847 urbe
545 800 624 847 fibi
658 801 999 864 proposuerant.
1033 802 1096 848 lbi
1130 817 1298 864 paucos
1324 802 1415 847 dies
1444 800 1524 846 sta-

245 878 341 924 tiva
373 876 594 932 habuere,
624 887 674 921 ut
701 874 1016 937 impedimenta
1053 874 1246 939 aegrique
1282 877 1524 938 conseque-

247 962 425 1006 rentur,
447 948 524 1012 qui
544 948 696 1010 paffim
715 963 794 1009 per
815 947 968 993 omnia
988 947 1193 995 Thraciae
1217 947 1386 994 castella
1400 983 1412 1006 ‚
1430 948 1523 995 feffi

247 1021 418 1068 morbis
449 1037 498 1067 ac
523 1019 806 1083 longitudine
828 1019 942 1077 viae,
974 1019 1114 1066 relicti
1146 1032 1283 1067 erant.
1317 1019 1524 1082 Receptis

249 1094 488 1151 omnibus,
526 1093 700 1157 ingreffi
744 1092 890 1139 rursus
927 1093 1011 1138 iter
1048 1110 1127 1155 per
1163 1093 1487 1140 Chersonesum
1509 1127 1525 1151 ‚

247 1167 591 1230 Hellespontum
620 1168 900 1230 perveniunt.
927 1166 1031 1223 ubi,
1055 1167 1266 1213 omnibus
1288 1183 1392 1214 cura
1411 1168 1525 1230 regis

247 1240 458 1286 Eumenis
489 1241 546 1285 ad
570 1239 881 1301 trajiciendum
913 1239 1192 1301 praeparatis,
1215 1240 1341 1286 velut
1371 1239 1418 1285 in
1451 1256 1529 1300 pa-

249 1326 347 1359 cata
364 1313 519 1369 litora,
538 1312 665 1358 nullo
686 1312 979 1374 prohibente,
1000 1311 1095 1357 aliis
1115 1311 1204 1357 alio
1229 1311 1379 1357 delatis
1399 1310 1527 1356 navi*

248 1387 359 1442 bus,
379 1385 468 1432 fine
492 1385 684 1432 tumultu
715 1383 938 1444 traiecere.
972 1387 1032 1430 Ea
1061 1400 1175 1429 vero
1210 1382 1284 1432 resv
1309 1384 1525 1432 Romanis

249 1457 373 1505 auxit
400 1456 601 1514 animos,
626 1456 880 1503 concefl'um
915 1455 994 1501 fibi
1024 1457 1206 1503 transire
1239 1458 1526 1504 cernentibus

249 1529 296 1575 in
318 1529 485 1585 Afiam;
505 1546 636 1591 quam
656 1546 747 1575 rem
769 1528 918 1591 magni
947 1529 1196 1574 certaminis
1218 1528 1410 1575 futuram
1429 1546 1525 1576 cre·

250 1603 463 1648 diderant.
492 1601 659 1648 stativa
683 1601 841 1646 deinde
870 1602 923 1646 ad
949 1599 1285 1661 Hellespontum
1309 1602 1525 1664 aliquam-

251 1676 326 1720 diu
353 1675 627 1732 habuerunt,
655 1674 755 1736 quia
776 1673 864 1718 dies
886 1672 1002 1718 forte
1019 1707 1031 1728 ,
1059 1674 1217 1735 quibus
1245 1674 1402 1721 ancilia
1425 1690 1526 1718 mo-

253 1762 445 1806 ventur,
473 1747 666 1811 religiosi
701 1748 754 1793 ad
786 1747 869 1793 iter
896 1746 1155 1792 inciderant.
1190 1746 1323 1792 iidem
1356 1746 1445 1792 dies
1476 1748 1525 1795 Ρ.

254 1822 510 1884 Scipionem
546 1820 763 1882 propiore
798 1820 928 1865 etiam
966 1818 1212 1880 religione,
1247 1820 1351 1882 quia
1384 1819 1525 1865 Salius

253 1907 369 1952 erat,
389 1891 698 1952 disjunxerant
721 1892 776 1937 ab
806 1890 1034 1937 exercitu:
1054 1890 1271 1953 causaque
1300 1889 1406 1937 &is
1434 1889 1526 1952 ipse

253 1982 394 2014 morae
414 1977 531 2022 erat,
551 1966 655 2010 dum
676 1963 1031 2025 consequeretur.

318 2039 534 2085 XXXIV.
568 2038 649 2082 Per
668 2052 745 2082 eos
769 2035 884 2081 forte
913 2034 1005 2081 dies
1029 2034 1195 2097 legatus
1216 2033 1269 2079 ab
1293 2032 1527 2080 Antiocho

254 2112 301 2159 in
339 2111 476 2157 castra
512 2122 698 2156 venerat
735 2109 977 2173 Byzantius
1017 2108 1298 2163 Heraclides,
1329 2107 1383 2152 de
1418 2123 1527 2169 pace

256 2183 442 2230 afferens
471 2183 676 2229 mandata
704 2199 713 2227 τ
745 2198 880 2244 quam
912 2180 1233 2241 impetrabilem
1271 2178 1396 2235 fore,
1430 2195 1529 2223 ma·

239 2265 386 2321 'gnam
417 2256 458 2302 ei
482 2255 600 2319 spem
631 2255 777 2301 attulit
804 2271 931 2300 mora
962 2257 1010 2301 &
1043 2253 1264 2302 cunetatio
1294 2255 1530 2297 Romano-

257 2346 383 2384 rum,
404 2345 545 2391 quos,
569 2328 695 2374 simul
724 2328 867 2374 Afiam
901 2327 1158 2390 attigiss'ent,
1179 2325 1317 2371 effuso
1351 2324 1527 2386 agmine

260 2403 314 2448 ad
333 2402 468 2449 castra
494 2403 614 2466 regia,
628 2402 773 2449 ituros
795 2402 1052 2451 crediderat.
1079 2398 1238 2445 Statuit
1262 2409 1409 2444 tamen
1430 2412 1526 2443 non
