<?xml version="1.0" encoding="UTF-8"?>
<!DOCTYPE html PUBLIC "-//W3C//DTD XHTML 1.0 Transitional//EN"
    "http://www.w3.org/TR/xhtml1/DTD/xhtml1-transitional.dtd">
<html xmlns="http://www.w3.org/1999/xhtml" xml:lang="en" lang="en">
 <head>
  <title>
</title>
<meta http-equiv="Content-Type" content="text/html;charset=utf-8" />
  <meta name='ocr-system' content='tesseract 3.04.00' />
  <meta name='ocr-capabilities' content='ocr_page ocr_carea ocr_par ocr_line ocrx_word'/>
</head>
<body>
  <div class='ocr_page' id='page_1' title='image "./historiarumlibri06livyuoft_0178.png"; bbox 0 0 1618 2715; ppageno 0'>
   <div class='ocr_carea' id='block_1_1' title="bbox 185 93 1096 154">
    <p class='ocr_par' dir='ltr' id='par_1_1' title="bbox 185 93 1096 154">
     <span class='ocr_line' id='line_1_1' title="bbox 185 93 1096 154; baseline 0.008 -16"><span class='ocrx_word' id='word_1_1' title='bbox 185 107 271 154; x_wconf 89' lang='lat'>170</span> <span class='ocrx_word' id='word_1_2' title='bbox 534 93 1096 145; x_wconf 76' lang='lat' dir='ltr'>T1T1L1V11</span> 
     </span>
    </p>
   </div>
   <div class='ocr_carea' id='block_1_2' title="bbox 174 197 1472 2456">
    <p class='ocr_par' dir='ltr' id='par_1_2' title="bbox 174 197 1464 1429">
     <span class='ocr_line' id='line_1_2' title="bbox 174 197 1455 269; baseline 0.009 -26"><span class='ocrx_word' id='word_1_3' title='bbox 174 198 303 260; x_wconf 85' lang='lat' dir='ltr'>equis</span> <span class='ocrx_word' id='word_1_4' title='bbox 330 197 562 258; x_wconf 73' lang='lat' dir='ltr'>injiceret,</span> <span class='ocrx_word' id='word_1_5' title='bbox 580 217 711 264; x_wconf 88' lang='lat' dir='ltr'>quam</span> <span class='ocrx_word' id='word_1_6' title='bbox 737 200 843 259; x_wconf 80' lang='lat' dir='ltr'>justa</span> <span class='ocrx_word' id='word_1_7' title='bbox 869 203 1120 251; x_wconf 79' lang='lat' dir='ltr'>adoriretur</span> <span class='ocrx_word' id='word_1_8' title='bbox 1145 221 1320 269; x_wconf 78' lang='lat' dir='ltr'>pugna,</span> <span class='ocrx_word' id='word_1_9' title='bbox 1345 207 1455 254; x_wconf 88' lang='lat' dir='ltr'>Cre-</span> 
     </span>
     <span class='ocr_line' id='line_1_3' title="bbox 176 270 1456 343; baseline 0.009 -27"><span class='ocrx_word' id='word_1_10' title='bbox 176 270 317 318; x_wconf 79' lang='lat' dir='ltr'>tenses</span> <span class='ocrx_word' id='word_1_11' title='bbox 336 271 603 336; x_wconf 76' lang='lat' dir='ltr'>sagittarios,</span> <span class='ocrx_word' id='word_1_12' title='bbox 618 273 975 338; x_wconf 70' lang='lat' dir='ltr'>funditoresque,</span> <span class='ocrx_word' id='word_1_13' title='bbox 992 277 1321 339; x_wconf 86' lang='lat' dir='ltr'>&amp;jaculatores</span> <span class='ocrx_word' id='word_1_14' title='bbox 1338 281 1456 343; x_wconf 86' lang='lat' dir='ltr'>equi·</span> 
     </span>
     <span class='ocr_line' id='line_1_4' title="bbox 177 346 1454 414; baseline 0.008 -25"><span class='ocrx_word' id='word_1_15' title='bbox 177 355 297 401; x_wconf 84' lang='lat' dir='ltr'>tum,</span> <span class='ocrx_word' id='word_1_16' title='bbox 329 362 424 392; x_wconf 88' lang='lat' dir='ltr'>non</span> <span class='ocrx_word' id='word_1_17' title='bbox 445 346 678 395; x_wconf 77' lang='lat' dir='ltr'>confertos</span> <span class='ocrx_word' id='word_1_18' title='bbox 698 384 710 406; x_wconf 94' lang='lat'>‚</span> <span class='ocrx_word' id='word_1_19' title='bbox 741 348 836 407; x_wconf 87' lang='lat' dir='ltr'>sed,</span> <span class='ocrx_word' id='word_1_20' title='bbox 865 365 1001 411; x_wconf 85' lang='lat' dir='ltr'>quam</span> <span class='ocrx_word' id='word_1_21' title='bbox 1030 351 1222 398; x_wconf 79' lang='lat' dir='ltr'>maxime</span> <span class='ocrx_word' id='word_1_22' title='bbox 1251 352 1454 414; x_wconf 75' lang='lat' dir='ltr'>possent,</span> 
     </span>
     <span class='ocr_line' id='line_1_5' title="bbox 177 415 1456 486; baseline 0.008 -26"><span class='ocrx_word' id='word_1_23' title='bbox 177 415 396 478; x_wconf 72' lang='lat' dir='ltr'>dispersos</span> <span class='ocrx_word' id='word_1_24' title='bbox 415 454 428 475; x_wconf 88' lang='lat'>,</span> <span class='ocrx_word' id='word_1_25' title='bbox 459 435 696 466; x_wconf 80' lang='lat' dir='ltr'>excurrere</span> <span class='ocrx_word' id='word_1_26' title='bbox 723 418 878 481; x_wconf 82' lang='lat' dir='ltr'>jubet3</span> <span class='ocrx_word' id='word_1_27' title='bbox 916 420 1046 467; x_wconf 76' lang='lat' dir='ltr'>simul</span> <span class='ocrx_word' id='word_1_28' title='bbox 1078 422 1289 470; x_wconf 84' lang='lat' dir='ltr'>omnibus</span> <span class='ocrx_word' id='word_1_29' title='bbox 1316 424 1456 486; x_wconf 83' lang='lat' dir='ltr'>parti-</span> 
     </span>
     <span class='ocr_line' id='line_1_6' title="bbox 179 487 1457 560; baseline 0.009 -27"><span class='ocrx_word' id='word_1_30' title='bbox 179 487 261 534; x_wconf 89' lang='lat' dir='ltr'>bus</span> <span class='ocrx_word' id='word_1_31' title='bbox 291 490 375 536; x_wconf 75' lang='lat' dir='ltr'>teia</span> <span class='ocrx_word' id='word_1_32' title='bbox 403 491 617 553; x_wconf 75' lang='lat' dir='ltr'>ingerere.</span> <span class='ocrx_word' id='word_1_33' title='bbox 650 495 759 541; x_wconf 80' lang='lat' dir='ltr'>Haec</span> <span class='ocrx_word' id='word_1_34' title='bbox 777 494 905 542; x_wconf 90' lang='lat' dir='ltr'>velut</span> <span class='ocrx_word' id='word_1_35' title='bbox 926 496 1126 557; x_wconf 84' lang='lat' dir='ltr'>procella</span> <span class='ocrx_word' id='word_1_36' title='bbox 1141 532 1153 554; x_wconf 88' lang='lat'>,</span> <span class='ocrx_word' id='word_1_37' title='bbox 1170 498 1329 560; x_wconf 84' lang='lat' dir='ltr'>partim</span> <span class='ocrx_word' id='word_1_38' title='bbox 1350 498 1457 546; x_wconf 86' lang='lat' dir='ltr'>vul·-</span> 
     </span>
     <span class='ocr_line' id='line_1_7' title="bbox 179 559 1457 631; baseline 0.01 -27"><span class='ocrx_word' id='word_1_39' title='bbox 179 559 360 607; x_wconf 79' lang='lat' dir='ltr'>neribus</span> <span class='ocrx_word' id='word_1_40' title='bbox 378 562 600 609; x_wconf 83' lang='lat' dir='ltr'>miffilium</span> <span class='ocrx_word' id='word_1_41' title='bbox 620 566 816 629; x_wconf 86' lang='lat' dir='ltr'>undique</span> <span class='ocrx_word' id='word_1_42' title='bbox 834 566 1140 628; x_wconf 66' lang='lat' dir='ltr'>coniti-florum</span> <span class='ocrx_word' id='word_1_43' title='bbox 1155 605 1168 627; x_wconf 93' lang='lat'>,</span> <span class='ocrx_word' id='word_1_44' title='bbox 1187 572 1348 631; x_wconf 87' lang='lat' dir='ltr'>partim</span> <span class='ocrx_word' id='word_1_45' title='bbox 1368 570 1457 618; x_wconf 86' lang='lat' dir='ltr'>cla·</span> 
     </span>
     <span class='ocr_line' id='line_1_8' title="bbox 179 635 1459 706; baseline 0.009 -27"><span class='ocrx_word' id='word_1_46' title='bbox 179 635 385 682; x_wconf 84' lang='lat' dir='ltr'>moribus</span> <span class='ocrx_word' id='word_1_47' title='bbox 419 637 631 696; x_wconf 68' lang='lat' dir='ltr'>dissonis,</span> <span class='ocrx_word' id='word_1_48' title='bbox 666 639 725 685; x_wconf 90' lang='lat' dir='ltr'>ita</span> <span class='ocrx_word' id='word_1_49' title='bbox 762 641 1070 688; x_wconf 87' lang='lat' dir='ltr'>consternavit</span> <span class='ocrx_word' id='word_1_50' title='bbox 1102 659 1271 706; x_wconf 80' lang='lat' dir='ltr'>equos,</span> <span class='ocrx_word' id='word_1_51' title='bbox 1301 659 1352 691; x_wconf 87' lang='lat' dir='ltr'>ut</span> <span class='ocrx_word' id='word_1_52' title='bbox 1386 661 1459 690; x_wconf 89' lang='lat' dir='ltr'>re-</span> 
     </span>
     <span class='ocr_line' id='line_1_9' title="bbox 180 708 1461 773; baseline 0.011 -23"><span class='ocrx_word' id='word_1_53' title='bbox 180 719 340 767; x_wconf 82' lang='lat' dir='ltr'>pente,</span> <span class='ocrx_word' id='word_1_54' title='bbox 364 708 489 755; x_wconf 80' lang='lat' dir='ltr'>velut</span> <span class='ocrx_word' id='word_1_55' title='bbox 508 710 733 770; x_wconf 75' lang='lat' dir='ltr'>effrenati,</span> <span class='ocrx_word' id='word_1_56' title='bbox 756 712 909 773; x_wconf 82' lang='lat' dir='ltr'>paffim</span> <span class='ocrx_word' id='word_1_57' title='bbox 931 713 1107 760; x_wconf 84' lang='lat' dir='ltr'>incerto</span> <span class='ocrx_word' id='word_1_58' title='bbox 1128 716 1260 763; x_wconf 89' lang='lat' dir='ltr'>cursu</span> <span class='ocrx_word' id='word_1_59' title='bbox 1289 716 1461 764; x_wconf 85' lang='lat' dir='ltr'>ferren-</span> 
     </span>
     <span class='ocr_line' id='line_1_10' title="bbox 180 785 1460 852; baseline 0.009 -28"><span class='ocrx_word' id='word_1_60' title='bbox 180 791 253 825; x_wconf 88' lang='lat' dir='ltr'>tur</span> <span class='ocrx_word' id='word_1_61' title='bbox 275 798 285 826; x_wconf 95' lang='lat'><strong>:</strong></span> <span class='ocrx_word' id='word_1_62' title='bbox 320 798 515 844; x_wconf 81' lang='lat' dir='ltr'>quorum</span> <span class='ocrx_word' id='word_1_63' title='bbox 537 785 727 848; x_wconf 88' lang='lat' dir='ltr'>impetus</span> <span class='ocrx_word' id='word_1_64' title='bbox 751 786 801 832; x_wconf 62' lang='grc' dir='ltr'>δέ</span> <span class='ocrx_word' id='word_1_65' title='bbox 830 785 944 833; x_wconf 81' lang='lat' dir='ltr'>levis</span> <span class='ocrx_word' id='word_1_66' title='bbox 977 800 1223 847; x_wconf 83' lang='lat' dir='ltr'>armatura,</span> <span class='ocrx_word' id='word_1_67' title='bbox 1249 791 1299 836; x_wconf 68' lang='grc' dir='ltr'>ὃς</span> <span class='ocrx_word' id='word_1_68' title='bbox 1319 806 1460 852; x_wconf 84' lang='lat' dir='ltr'>expe-</span> 
     </span>
     <span class='ocr_line' id='line_1_11' title="bbox 182 853 1460 916; baseline 0.009 -19"><span class='ocrx_word' id='word_1_69' title='bbox 182 853 265 899; x_wconf 87' lang='lat' dir='ltr'>diti</span> <span class='ocrx_word' id='word_1_70' title='bbox 298 853 574 916; x_wconf 74' lang='lat' dir='ltr'>funditores,</span> <span class='ocrx_word' id='word_1_71' title='bbox 612 859 661 905; x_wconf 84' lang='lat'>&amp;</span> <span class='ocrx_word' id='word_1_72' title='bbox 690 859 834 905; x_wconf 76' lang='lat' dir='ltr'>velox</span> <span class='ocrx_word' id='word_1_73' title='bbox 859 861 1082 909; x_wconf 77' lang='lat' dir='ltr'>Cretensis</span> <span class='ocrx_word' id='word_1_74' title='bbox 1115 874 1351 909; x_wconf 81' lang='lat' dir='ltr'>momento</span> <span class='ocrx_word' id='word_1_75' title='bbox 1381 862 1460 908; x_wconf 88' lang='lat' dir='ltr'>de-</span> 
     </span>
     <span class='ocr_line' id='line_1_12' title="bbox 182 926 1462 996; baseline 0.007 -26"><span class='ocrx_word' id='word_1_76' title='bbox 182 926 437 974; x_wconf 81' lang='lat' dir='ltr'>clinabant:</span> <span class='ocrx_word' id='word_1_77' title='bbox 476 930 525 975; x_wconf 60' lang='grc' dir='ltr'>ἃ</span> <span class='ocrx_word' id='word_1_78' title='bbox 558 946 691 993; x_wconf 81' lang='lat' dir='ltr'>eques</span> <span class='ocrx_word' id='word_1_79' title='bbox 725 931 1001 995; x_wconf 84' lang='lat' dir='ltr'>insequendo</span> <span class='ocrx_word' id='word_1_80' title='bbox 1032 933 1275 982; x_wconf 87' lang='lat' dir='ltr'>tumultum</span> <span class='ocrx_word' id='word_1_81' title='bbox 1301 951 1351 980; x_wconf 89' lang='lat' dir='ltr'>ac</span> <span class='ocrx_word' id='word_1_82' title='bbox 1379 951 1462 996; x_wconf 87' lang='lat' dir='ltr'>pa-</span> 
     </span>
     <span class='ocr_line' id='line_1_13' title="bbox 183 1000 1464 1067; baseline 0.005 -22"><span class='ocrx_word' id='word_1_83' title='bbox 183 1016 345 1046; x_wconf 78' lang='lat' dir='ltr'>vorem</span> <span class='ocrx_word' id='word_1_84' title='bbox 379 1000 503 1063; x_wconf 83' lang='lat' dir='ltr'>equis</span> <span class='ocrx_word' id='word_1_85' title='bbox 533 1003 823 1067; x_wconf 81' lang='lat' dir='ltr'>camelisque,</span> <span class='ocrx_word' id='word_1_86' title='bbox 854 1006 904 1051; x_wconf 63' lang='grc' dir='ltr'>ὃ(</span> <span class='ocrx_word' id='word_1_87' title='bbox 932 1004 1034 1067; x_wconf 79' lang='lat' dir='ltr'>ipsis</span> <span class='ocrx_word' id='word_1_88' title='bbox 1059 1005 1187 1051; x_wconf 80' lang='lat' dir='ltr'>simul</span> <span class='ocrx_word' id='word_1_89' title='bbox 1206 1004 1464 1052; x_wconf 87' lang='lat' dir='ltr'>consterna-</span> 
     </span>
     <span class='ocr_line' id='line_1_14' title="bbox 186 1072 1464 1136; baseline 0.004 -17"><span class='ocrx_word' id='word_1_90' title='bbox 186 1072 265 1131; x_wconf 85' lang='lat' dir='ltr'>tis,</span> <span class='ocrx_word' id='word_1_91' title='bbox 279 1074 489 1136; x_wconf 74' lang='lat' dir='ltr'>augebat,</span> <span class='ocrx_word' id='word_1_92' title='bbox 512 1075 708 1122; x_wconf 84' lang='lat' dir='ltr'>clamore</span> <span class='ocrx_word' id='word_1_93' title='bbox 730 1079 778 1125; x_wconf 84' lang='lat'>&amp;</span> <span class='ocrx_word' id='word_1_94' title='bbox 796 1078 847 1123; x_wconf 84' lang='lat' dir='ltr'>ab</span> <span class='ocrx_word' id='word_1_95' title='bbox 867 1077 950 1123; x_wconf 73' lang='lat' dir='ltr'>alia</span> <span class='ocrx_word' id='word_1_96' title='bbox 971 1077 1351 1125; x_wconf 83' lang='lat' dir='ltr'>circumstantium</span> <span class='ocrx_word' id='word_1_97' title='bbox 1370 1090 1464 1124; x_wconf 88' lang='lat' dir='ltr'>tur-</span> 
     </span>
     <span class='ocr_line' id='line_1_15' title="bbox 182 1145 1464 1209; baseline 0.005 -18"><span class='ocrx_word' id='word_1_98' title='bbox 182 1145 240 1192; x_wconf 88' lang='lat' dir='ltr'>ba</span> <span class='ocrx_word' id='word_1_99' title='bbox 273 1146 511 1209; x_wconf 76' lang='lat' dir='ltr'>multiplici</span> <span class='ocrx_word' id='word_1_100' title='bbox 546 1148 732 1209; x_wconf 50' lang='lat' dir='ltr'>asbesto.</span> <span class='ocrx_word' id='word_1_101' title='bbox 774 1152 837 1196; x_wconf 92' lang='lat' dir='ltr'>Ita</span> <span class='ocrx_word' id='word_1_102' title='bbox 871 1150 1022 1198; x_wconf 86' lang='lat' dir='ltr'>medio</span> <span class='ocrx_word' id='word_1_103' title='bbox 1058 1151 1176 1197; x_wconf 89' lang='lat' dir='ltr'>inter</span> <span class='ocrx_word' id='word_1_104' title='bbox 1209 1152 1318 1198; x_wconf 86' lang='lat' dir='ltr'>duas</span> <span class='ocrx_word' id='word_1_105' title='bbox 1347 1151 1464 1198; x_wconf 86' lang='lat' dir='ltr'>acies</span> 
     </span>
     <span class='ocr_line' id='line_1_16' title="bbox 183 1219 1464 1286; baseline 0.004 -22"><span class='ocrx_word' id='word_1_106' title='bbox 183 1235 347 1281; x_wconf 85' lang='lat' dir='ltr'>campo</span> <span class='ocrx_word' id='word_1_107' title='bbox 372 1219 612 1283; x_wconf 82' lang='lat' dir='ltr'>exiguntur</span> <span class='ocrx_word' id='word_1_108' title='bbox 643 1221 896 1285; x_wconf 81' lang='lat' dir='ltr'>quadrigae:</span> <span class='ocrx_word' id='word_1_109' title='bbox 930 1234 1178 1286; x_wconf 85' lang='lat' dir='ltr'>amotoque</span> <span class='ocrx_word' id='word_1_110' title='bbox 1203 1222 1326 1269; x_wconf 88' lang='lat' dir='ltr'>inani</span> <span class='ocrx_word' id='word_1_111' title='bbox 1346 1222 1464 1268; x_wconf 87' lang='lat' dir='ltr'>ludi-</span> 
     </span>
     <span class='ocr_line' id='line_1_17' title="bbox 183 1292 1463 1364; baseline 0.005 -26"><span class='ocrx_word' id='word_1_112' title='bbox 183 1292 285 1339; x_wconf 87' lang='lat' dir='ltr'>brio</span> <span class='ocrx_word' id='word_1_113' title='bbox 300 1329 313 1351; x_wconf 88' lang='lat'>,</span> <span class='ocrx_word' id='word_1_114' title='bbox 345 1308 441 1340; x_wconf 84' lang='lat' dir='ltr'>tum</span> <span class='ocrx_word' id='word_1_115' title='bbox 460 1293 639 1341; x_wconf 87' lang='lat' dir='ltr'>demum</span> <span class='ocrx_word' id='word_1_116' title='bbox 659 1296 712 1341; x_wconf 90' lang='lat' dir='ltr'>ad</span> <span class='ocrx_word' id='word_1_117' title='bbox 731 1295 892 1356; x_wconf 80' lang='lat' dir='ltr'>justum</span> <span class='ocrx_word' id='word_1_118' title='bbox 909 1296 1121 1358; x_wconf 83' lang='lat' dir='ltr'>proelium</span> <span class='ocrx_word' id='word_1_119' title='bbox 1135 1333 1151 1355; x_wconf 85' lang='lat'>,</span> <span class='ocrx_word' id='word_1_120' title='bbox 1170 1296 1463 1364; x_wconf 15' lang='lat' dir='ltr'>signorutrin·</span> 
     </span>
     <span class='ocr_line' id='line_1_18' title="bbox 187 1366 847 1429; baseline 0.008 -19"><span class='ocrx_word' id='word_1_121' title='bbox 187 1383 276 1429; x_wconf 84' lang='lat' dir='ltr'>que</span> <span class='ocrx_word' id='word_1_122' title='bbox 301 1366 435 1424; x_wconf 78' lang='lat' dir='ltr'>dato,</span> <span class='ocrx_word' id='word_1_123' title='bbox 469 1366 739 1414; x_wconf 83' lang='lat' dir='ltr'>concursum</span> <span class='ocrx_word' id='word_1_124' title='bbox 771 1367 847 1415; x_wconf 85' lang='lat' dir='ltr'>est.</span> 
     </span>
    </p>

    <p class='ocr_par' dir='ltr' id='par_1_3' title="bbox 185 1439 1472 2456">
     <span class='ocr_line' id='line_1_19' title="bbox 249 1439 1462 1488; baseline 0.002 -5"><span class='ocrx_word' id='word_1_125' title='bbox 249 1439 386 1484; x_wconf 76' lang='lat' dir='ltr'>XLU.</span> <span class='ocrx_word' id='word_1_126' title='bbox 423 1439 636 1485; x_wconf 80' lang='lat' dir='ltr'>Ceterum</span> <span class='ocrx_word' id='word_1_127' title='bbox 668 1456 786 1486; x_wconf 85' lang='lat' dir='ltr'>vana</span> <span class='ocrx_word' id='word_1_128' title='bbox 820 1440 895 1487; x_wconf 86' lang='lat' dir='ltr'>illa</span> <span class='ocrx_word' id='word_1_129' title='bbox 929 1457 999 1488; x_wconf 83' lang='lat' dir='ltr'>res</span> <span class='ocrx_word' id='word_1_130' title='bbox 1026 1457 1148 1487; x_wconf 84' lang='lat' dir='ltr'>verae</span> <span class='ocrx_word' id='word_1_131' title='bbox 1181 1456 1293 1487; x_wconf 77' lang='lat' dir='ltr'>mox</span> <span class='ocrx_word' id='word_1_132' title='bbox 1326 1439 1462 1487; x_wconf 85' lang='lat' dir='ltr'>cladis</span> 
     </span>
     <span class='ocr_line' id='line_1_20' title="bbox 188 1512 1464 1578; baseline -0.003 -16"><span class='ocrx_word' id='word_1_133' title='bbox 188 1512 315 1562; x_wconf 84' lang='lat' dir='ltr'>causa</span> <span class='ocrx_word' id='word_1_134' title='bbox 344 1513 440 1560; x_wconf 80' lang='lat' dir='ltr'>suit.</span> <span class='ocrx_word' id='word_1_135' title='bbox 483 1515 647 1561; x_wconf 77' lang='lat' dir='ltr'>auxilia</span> <span class='ocrx_word' id='word_1_136' title='bbox 673 1515 791 1561; x_wconf 82' lang='lat' dir='ltr'>enim</span> <span class='ocrx_word' id='word_1_137' title='bbox 817 1514 1067 1562; x_wconf 66' lang='lat' dir='ltr'>subsidiaria</span> <span class='ocrx_word' id='word_1_138' title='bbox 1085 1551 1099 1573; x_wconf 93' lang='lat'>,</span> <span class='ocrx_word' id='word_1_139' title='bbox 1131 1531 1230 1578; x_wconf 86' lang='lat' dir='ltr'>quae</span> <span class='ocrx_word' id='word_1_140' title='bbox 1255 1513 1464 1577; x_wconf 79' lang='lat' dir='ltr'>proxima</span> 
     </span>
     <span class='ocr_line' id='line_1_21' title="bbox 185 1587 1464 1650; baseline -0.001 -18"><span class='ocrx_word' id='word_1_141' title='bbox 185 1588 334 1634; x_wconf 79' lang='lat' dir='ltr'>locata</span> <span class='ocrx_word' id='word_1_142' title='bbox 369 1601 517 1642; x_wconf 80' lang='lat' dir='ltr'>erant,</span> <span class='ocrx_word' id='word_1_143' title='bbox 551 1604 722 1650; x_wconf 86' lang='lat' dir='ltr'>pavore</span> <span class='ocrx_word' id='word_1_144' title='bbox 750 1589 799 1635; x_wconf 86' lang='lat'>&amp;</span> <span class='ocrx_word' id='word_1_145' title='bbox 832 1588 1197 1634; x_wconf 88' lang='lat' dir='ltr'>consternatione</span> <span class='ocrx_word' id='word_1_146' title='bbox 1231 1587 1464 1650; x_wconf 82' lang='lat' dir='ltr'>quadriga-</span> 
     </span>
     <span class='ocr_line' id='line_1_22' title="bbox 188 1657 1464 1722; baseline -0.002 -16"><span class='ocrx_word' id='word_1_147' title='bbox 188 1678 288 1706; x_wconf 76' lang='lat' dir='ltr'>rum</span> <span class='ocrx_word' id='word_1_148' title='bbox 306 1661 478 1715; x_wconf 78' lang='lat' dir='ltr'>territa,</span> <span class='ocrx_word' id='word_1_149' title='bbox 493 1659 653 1722; x_wconf 83' lang='lat' dir='ltr'>&amp;ipsa</span> <span class='ocrx_word' id='word_1_150' title='bbox 672 1660 717 1705; x_wconf 92' lang='lat' dir='ltr'>in</span> <span class='ocrx_word' id='word_1_151' title='bbox 737 1659 886 1722; x_wconf 82' lang='lat' dir='ltr'>fugam</span> <span class='ocrx_word' id='word_1_152' title='bbox 907 1659 1051 1716; x_wconf 87' lang='lat' dir='ltr'>versa,</span> <span class='ocrx_word' id='word_1_153' title='bbox 1068 1659 1292 1705; x_wconf 84' lang='lat' dir='ltr'>nudarunt</span> <span class='ocrx_word' id='word_1_154' title='bbox 1310 1657 1464 1704; x_wconf 85' lang='lat' dir='ltr'>omnia</span> 
     </span>
     <span class='ocr_line' id='line_1_23' title="bbox 188 1728 1466 1797; baseline -0.005 -16"><span class='ocrx_word' id='word_1_155' title='bbox 188 1735 328 1794; x_wconf 66' lang='lat' dir='ltr'>usque</span> <span class='ocrx_word' id='word_1_156' title='bbox 355 1736 411 1781; x_wconf 82' lang='lat' dir='ltr'>ad</span> <span class='ocrx_word' id='word_1_157' title='bbox 436 1734 736 1795; x_wconf 68' lang='lat' dir='ltr'>cataphra&amp;os</span> <span class='ocrx_word' id='word_1_158' title='bbox 759 1733 944 1797; x_wconf 80' lang='lat' dir='ltr'>equites.</span> <span class='ocrx_word' id='word_1_159' title='bbox 983 1733 1039 1779; x_wconf 88' lang='lat' dir='ltr'>ad</span> <span class='ocrx_word' id='word_1_160' title='bbox 1065 1749 1180 1795; x_wconf 87' lang='lat' dir='ltr'>quos</span> <span class='ocrx_word' id='word_1_161' title='bbox 1210 1748 1341 1788; x_wconf 90' lang='lat' dir='ltr'>cum,</span> <span class='ocrx_word' id='word_1_162' title='bbox 1377 1728 1466 1776; x_wconf 87' lang='lat' dir='ltr'>dis-</span> 
     </span>
     <span class='ocr_line' id='line_1_24' title="bbox 190 1795 1467 1869; baseline -0.005 -16"><span class='ocrx_word' id='word_1_163' title='bbox 190 1795 336 1868; x_wconf 62' lang='lat' dir='ltr'>sipatis</span> <span class='ocrx_word' id='word_1_164' title='bbox 366 1806 563 1853; x_wconf 70' lang='lat' dir='ltr'>subsidiis</span> <span class='ocrx_word' id='word_1_165' title='bbox 580 1843 592 1862; x_wconf 90' lang='lat'>‚</span> <span class='ocrx_word' id='word_1_166' title='bbox 612 1805 877 1868; x_wconf 62' lang='lat' dir='ltr'>pervenisset</span> <span class='ocrx_word' id='word_1_167' title='bbox 895 1805 1117 1869; x_wconf 82' lang='lat' dir='ltr'>equitatus</span> <span class='ocrx_word' id='word_1_168' title='bbox 1134 1805 1390 1858; x_wconf 82' lang='lat' dir='ltr'>Romanus,</span> <span class='ocrx_word' id='word_1_169' title='bbox 1411 1817 1467 1847; x_wconf 89' lang='lat' dir='ltr'>ne</span> 
     </span>
     <span class='ocr_line' id='line_1_25' title="bbox 190 1875 1469 1948; baseline -0.005 -23"><span class='ocrx_word' id='word_1_170' title='bbox 190 1898 381 1948; x_wconf 71' lang='lat' dir='ltr'>primum</span> <span class='ocrx_word' id='word_1_171' title='bbox 407 1880 586 1941; x_wconf 74' lang='lat' dir='ltr'>quid-em</span> <span class='ocrx_word' id='word_1_172' title='bbox 612 1879 828 1942; x_wconf 72' lang='lat' dir='ltr'>impetum</span> <span class='ocrx_word' id='word_1_173' title='bbox 856 1894 952 1940; x_wconf 84' lang='lat' dir='ltr'>pars</span> <span class='ocrx_word' id='word_1_174' title='bbox 975 1894 1133 1923; x_wconf 90' lang='lat' dir='ltr'>eorum</span> <span class='ocrx_word' id='word_1_175' title='bbox 1157 1875 1469 1922; x_wconf 84' lang='lat' dir='ltr'>sustinuerunt.</span> 
     </span>
     <span class='ocr_line' id='line_1_26' title="bbox 191 1951 1469 2016; baseline -0.005 -15"><span class='ocrx_word' id='word_1_176' title='bbox 191 1954 264 2001; x_wconf 70' lang='lat' dir='ltr'>alii</span> <span class='ocrx_word' id='word_1_177' title='bbox 294 1954 375 2000; x_wconf 86' lang='lat' dir='ltr'>fufi</span> <span class='ocrx_word' id='word_1_178' title='bbox 403 1954 527 2010; x_wconf 84' lang='lat' dir='ltr'>sunt;</span> <span class='ocrx_word' id='word_1_179' title='bbox 565 1953 640 2001; x_wconf 77' lang='lat' dir='ltr'>alii</span> <span class='ocrx_word' id='word_1_180' title='bbox 669 1967 854 2016; x_wconf 74' lang='lat' dir='ltr'>propter</span> <span class='ocrx_word' id='word_1_181' title='bbox 882 1954 1145 2015; x_wconf 78' lang='lat' dir='ltr'>gravitatem</span> <span class='ocrx_word' id='word_1_182' title='bbox 1180 1951 1469 2014; x_wconf 78' lang='lat' dir='ltr'>tegumento·</span> 
     </span>
     <span class='ocr_line' id='line_1_27' title="bbox 190 2022 1469 2089; baseline -0.006 -14"><span class='ocrx_word' id='word_1_183' title='bbox 190 2046 292 2076; x_wconf 83' lang='lat' dir='ltr'>rum</span> <span class='ocrx_word' id='word_1_184' title='bbox 320 2043 640 2088; x_wconf 85' lang='lat' dir='ltr'>armorumque</span> <span class='ocrx_word' id='word_1_185' title='bbox 656 2026 847 2089; x_wconf 76' lang='lat' dir='ltr'>oppreffi</span> <span class='ocrx_word' id='word_1_186' title='bbox 868 2025 982 2072; x_wconf 87' lang='lat' dir='ltr'>sunt.</span> <span class='ocrx_word' id='word_1_187' title='bbox 1015 2028 1188 2073; x_wconf 86' lang='lat' dir='ltr'>Totum</span> <span class='ocrx_word' id='word_1_188' title='bbox 1210 2023 1369 2069; x_wconf 88' lang='lat' dir='ltr'>deinde</span> <span class='ocrx_word' id='word_1_189' title='bbox 1388 2022 1469 2068; x_wconf 83' lang='lat' dir='ltr'>lae-</span> 
     </span>
     <span class='ocr_line' id='line_1_28' title="bbox 192 2093 1468 2152; baseline -0.006 -6"><span class='ocrx_word' id='word_1_190' title='bbox 192 2117 303 2146; x_wconf 83' lang='lat' dir='ltr'>vum</span> <span class='ocrx_word' id='word_1_191' title='bbox 341 2115 486 2146; x_wconf 86' lang='lat' dir='ltr'>cornu</span> <span class='ocrx_word' id='word_1_192' title='bbox 518 2097 786 2152; x_wconf 78' lang='lat' dir='ltr'>inclinavit3</span> <span class='ocrx_word' id='word_1_193' title='bbox 822 2100 871 2144; x_wconf 64' lang='grc' dir='ltr'>ὅ(</span> <span class='ocrx_word' id='word_1_194' title='bbox 889 2129 902 2152; x_wconf 91' lang='grc'><em>,</em></span> <span class='ocrx_word' id='word_1_195' title='bbox 931 2095 1119 2150; x_wconf 81' lang='lat' dir='ltr'>turbatis</span> <span class='ocrx_word' id='word_1_196' title='bbox 1148 2093 1433 2141; x_wconf 79' lang='lat' dir='ltr'>auxiliaribus</span> <span class='ocrx_word' id='word_1_197' title='bbox 1453 2127 1468 2150; x_wconf 93' lang='lat'>,</span> 
     </span>
     <span class='ocr_line' id='line_1_29' title="bbox 191 2167 1469 2235; baseline -0.005 -17"><span class='ocrx_word' id='word_1_198' title='bbox 191 2172 270 2235; x_wconf 81' lang='lat' dir='ltr'>qui</span> <span class='ocrx_word' id='word_1_199' title='bbox 302 2172 418 2219; x_wconf 79' lang='lat' dir='ltr'>inter</span> <span class='ocrx_word' id='word_1_200' title='bbox 450 2172 652 2235; x_wconf 81' lang='lat' dir='ltr'>equites,</span> <span class='ocrx_word' id='word_1_201' title='bbox 680 2173 729 2218; x_wconf 87' lang='lat'>&amp;</span> <span class='ocrx_word' id='word_1_202' title='bbox 760 2188 875 2234; x_wconf 83' lang='lat' dir='ltr'>quos</span> <span class='ocrx_word' id='word_1_203' title='bbox 905 2170 1130 2233; x_wconf 83' lang='lat' dir='ltr'>appellant</span> <span class='ocrx_word' id='word_1_204' title='bbox 1163 2167 1469 2230; x_wconf 83' lang='lat' dir='ltr'>phalangitas,</span> 
     </span>
     <span class='ocr_line' id='line_1_30' title="bbox 191 2237 1469 2307; baseline -0.006 -15"><span class='ocrx_word' id='word_1_205' title='bbox 191 2259 344 2303; x_wconf 83' lang='lat' dir='ltr'>erant,</span> <span class='ocrx_word' id='word_1_206' title='bbox 374 2245 511 2307; x_wconf 79' lang='lat' dir='ltr'>usque</span> <span class='ocrx_word' id='word_1_207' title='bbox 538 2245 593 2290; x_wconf 71' lang='lat' dir='ltr'>ad</span> <span class='ocrx_word' id='word_1_208' title='bbox 613 2244 804 2290; x_wconf 80' lang='lat' dir='ltr'>mediam</span> <span class='ocrx_word' id='word_1_209' title='bbox 824 2244 964 2290; x_wconf 83' lang='lat' dir='ltr'>aciem</span> <span class='ocrx_word' id='word_1_210' title='bbox 980 2255 1128 2288; x_wconf 88' lang='lat' dir='ltr'>terror</span> <span class='ocrx_word' id='word_1_211' title='bbox 1156 2237 1375 2302; x_wconf 87' lang='lat' dir='ltr'>pervenit.</span> <span class='ocrx_word' id='word_1_212' title='bbox 1404 2239 1469 2285; x_wconf 85' lang='lat' dir='ltr'>Ibi</span> 
     </span>
     <span class='ocr_line' id='line_1_31' title="bbox 194 2311 1471 2382; baseline -0.005 -16"><span class='ocrx_word' id='word_1_213' title='bbox 194 2321 321 2366; x_wconf 80' lang='lat' dir='ltr'>simul</span> <span class='ocrx_word' id='word_1_214' title='bbox 341 2320 588 2382; x_wconf 79' lang='lat' dir='ltr'>perturbati</span> <span class='ocrx_word' id='word_1_215' title='bbox 622 2320 830 2375; x_wconf 81' lang='lat' dir='ltr'>ordines,</span> <span class='ocrx_word' id='word_1_216' title='bbox 868 2320 918 2365; x_wconf 85' lang='lat'>&amp;</span> <span class='ocrx_word' id='word_1_217' title='bbox 950 2315 1188 2379; x_wconf 81' lang='lat' dir='ltr'>impeditus</span> <span class='ocrx_word' id='word_1_218' title='bbox 1219 2311 1471 2360; x_wconf 80' lang='lat' dir='ltr'>intercursu</span> 
     </span>
     <span class='ocr_line' id='line_1_32' title="bbox 195 2386 1472 2456; baseline -0.005 -19"><span class='ocrx_word' id='word_1_219' title='bbox 195 2390 382 2439; x_wconf 40' lang='lat' dir='ltr'>sciorum</span> <span class='ocrx_word' id='word_1_220' title='bbox 410 2393 508 2441; x_wconf 78' lang='lat' dir='ltr'>usus</span> <span class='ocrx_word' id='word_1_221' title='bbox 532 2392 860 2456; x_wconf 73' lang='lat' dir='ltr'>praelongarum</span> <span class='ocrx_word' id='word_1_222' title='bbox 884 2389 1103 2437; x_wconf 82' lang='lat' dir='ltr'>hastarum</span> <span class='ocrx_word' id='word_1_223' title='bbox 1117 2422 1130 2445; x_wconf 91' lang='lat'>,</span> <span class='ocrx_word' id='word_1_224' title='bbox 1152 2386 1344 2451; x_wconf 73' lang='lat' dir='ltr'>(sarissas</span> <span class='ocrx_word' id='word_1_225' title='bbox 1369 2387 1472 2437; x_wconf 46' lang='lat' dir='ltr'>Ma*</span> 
     </span>
    </p>
   </div>
  </div>
 </body>
</html>
