1618 2715
188 110 287 161 ‘144
423 137 425 140 .
552 81 1125 146 T1T1L1vl‘1

189 218 409 269 quantum
433 205 681 253 accelerare
701 203 877 267 poffent
892 240 907 260 ,
935 203 1058 266 sequi
1075 202 1196 264 jussis
1210 238 1222 261 ,
1243 199 1335 265 ipse
1354 199 1480 264 prin-¹

190 297 296 343 ceps
322 281 438 327 inter
468 278 640 341 equites
668 295 771 325 cum
792 291 937 323 turma
958 274 1060 334 sua,
1084 293 1217 339 quam
1245 274 1389 337 poffet
1412 272 1481 320 ef-

189 356 411 406 susiffimis
444 355 656 410 habeniS,
690 353 888 400 clamore
918 351 1137 397 abomni
1169 350 1299 397 fimul
1334 350 1483 412 pedite

190 442 326 491 atque
353 425 504 490 equite
531 425 706 472 sublato
724 458 738 480 ,
768 423 1005 470 stationem
1034 421 1227 468 hostium
1256 421 1485 484 improvi-

193 501 245 548 so
276 497 469 547 iniradits
508 500 619 544 Non
651 497 859 544 homines
899 495 1070 553 solum,
1105 493 1179 541 sed
1212 496 1315 558 equi
1349 494 1485 541 etiam

194 572 372 631 territi,
403 588 505 619 cum
523 570 708 617 vincula
727 568 1001 631 abrupiffent
1020 602 1034 626 ,
1058 566 1407 629 trepidationem
1435 566 1487 611 &

178 645 439 693 'tumultum
474 644 591 690 inter
620 642 722 689 suos
752 642 991 695 fecerunt3
1032 638 1164 700 pauci
1194 637 1363 684 stabant
1397 636 1487 682 im-

196 719 353 784 pavidi
381 717 511 781 equi:
543 733 621 764 eos
649 715 768 778 ipsos
790 730 886 760 non
908 712 1129 769 sternere,
1162 728 1259 757 non
1284 710 1486 756 infrena·-

198 808 249 839 re
268 828 284 849 ,
302 804 379 838 aut
399 789 637 837 ascendere
658 788 788 835 facile
808 796 1021 849 poterant
1041 819 1055 841 ‚
1079 782 1227 828 multo
1245 781 1488 843 majorem,

198 880 335 926 quam
355 879 440 926 pro
463 877 653 908 numero
680 858 909 923 equitum,
935 870 1156 903 terrorem
1172 853 1346 901 Achaeis
1373 852 1490 900 infe-

200 935 418 983 rentibus.
458 934 631 980 Pedites
663 949 779 979 vero
812 930 1008 978 ordinati
1035 930 1085 975 ὃς
1115 927 1349 990 praeparati
1370 925 1491 989 spar-

202 1009 276 1056 sos
297 1025 378 1071 per
403 1006 721 1071 negligentiam
737 1040 751 1062 ‚
785 1005 834 1051 &
854 1001 1145 1049 semisomnos
1176 1016 1319 1062 prope
1342 998 1493 1046 adorti.

202 1083 336 1130 sunt:
373 1083 516 1130 caedes
546 1080 698 1144 paffim
721 1078 914 1141 fugaque
940 1092 1019 1138 per
1053 1090 1238 1138 campos
1268 1072 1378 1119 faeia
1414 1072 1493 1120 est.

201 1156 475 1218 Diophanes
501 1189 513 1212 ,
547 1153 722 1200 secutus
766 1149 960 1205 effusos,
1003 1146 1155 1210 quoad
1194 1157 1342 1193 tutum
1378 1144 1494 1202 fuit,

202 1246 371 1292 magno
388 1229 663 1278 Achaeorum
695 1225 817 1289 genti
843 1223 1008 1269 decore
1039 1233 1198 1283 parto,
1233 1219 1496 1283 (spe&ave-

200 1315 308 1350 xant
331 1302 450 1350 enim
471 1318 494 1348 e
515 1300 743 1348 moenibus
763 1295 964 1360 Pergami
988 1311 1084 1340 non
1104 1293 1195 1340 viri
1223 1292 1389 1351 modo,
1420 1290 1496 1337 sed

205 1375 387 1423 feminae
406 1378 568 1436 etiam)
593 1377 641 1422 in
660 1373 915 1437 praefidium
935 1369 1057 1416 urbis
1075 1367 1223 1415 rediit.

289 1451 417 1496 XXI.
451 1448 638 1495 Postero
674 1446 745 1492 die
781 1444 942 1508 regiae‚
979 1441 1117 1505 magis
1155 1438 1416 1501 compofitae
1448 1439 1500 1486 ὅτ.

206 1521 455 1579 ordinatae,
488 1520 700 1567 stationes
729 1516 989 1582 quingentis
1021 1514 1212 1579 paffibus
1238 1511 1417 1574 longius
1443 1511 1502 1558 ab

205 1596 318 1644 urbe
342 1594 588 1658 posuerunt
608 1593 747 1641 castra
766 1611 776 1639 :
803 1594 852 1640 &
875 1590 1031 1638 Achaei
1049 1588 1208 1637 eodem
1229 1587 1369 1633 ferme
1387 1599 1499 1632 tem·

208 1685 356 1733 pore,
389 1680 523 1730 atque
552 1667 600 1712 in
634 1666 826 1713 eundem
859 1665 1013 1711 locum
1050 1661 1373 1725 processerunt.
1417 1661 1500 1706 Per

210 1741 375 1789 muitas
403 1742 539 1787 horas
573 1740 735 1787 intenti
764 1738 980 1801 utrinque
1013 1736 1142 1783 velut
1171 1735 1260 1797 jam
1295 1733 1500 1781 futurum

213 1818 431 1879 impetum
457 1814 794 1878 exspeehivere:
830 1811 1064 1875 postquam
1089 1809 1209 1856 haud
1237 1807 1400 1872 procul
1419 1824 1502 1854 oc-

213 1889 317 1939 casu
356 1887 461 1935 solis
501 1886 720 1934 redeundi
755 1885 803 1932 in
839 1884 980 1931 castra
1013 1895 1187 1944 tempus
1227 1893 1351 1939 erat,
1392 1878 1503 1942 regii

211 1961 348 2025 {ignis
379 1959 555 2008 collatis
584 1958 704 2006 abire
733 1958 938 2021 agmine,
970 1956 1025 2002 ad
1054 1956 1140 2001 iter
1168 1954 1336 2017 magis,
1369 1970 1503 2016 quam

214 2036 271 2082 ad
288 2051 482 2098 pugnam
498 2069 512 2092 ,
540 2032 798 2095 compofito
813 2067 827 2089 ,
853 2046 1048 2093 coepere.
1086 2028 1279 2089 Quievit
1297 2025 1505 2089 Diopha-

216 2125 296 2154 nes
314 2143 328 2166 ‚
358 2108 466 2154 dum
488 2108 536 2153 in
557 2106 798 2169 conspe&u
823 2118 963 2152 erant.
999 2103 1160 2149 deinde
1195 2101 1381 2157 eodem,
1410 2115 1506 2162 quo
1537 2146 1546 2160 ‚

217 2182 360 2246 pridie
377 2217 392 2240 ,
421 2181 593 2243 impetu
624 2180 670 2225 in
690 2178 964 2242 postremum
985 2193 1141 2239 agmen
1169 2173 1382 2228 incurrit3
1403 2184 1507 2218 tan·-

219 2267 408 2316 mmque
429 2251 577 2299 rursus
596 2249 784 2314 pavoris
798 2266 849 2296 ac
866 2248 1083 2295 tumultus
1101 2245 1301 2304 incussit,
1316 2257 1387 2300 ut,
1403 2260 1506 2290 cum

220 2340 342 2389 terga
367 2326 669 2381 caederentur‚
699 2340 834 2369 nemo
866 2319 1097 2384 pugnandi
1126 2317 1252 2366 causa
1284 2316 1506 2363 restiterit.

222 2397 580 2464 trepidantesque
595 2433 612 2460 ,
639 2397 689 2445 &
709 2395 790 2464 vix
805 2395 1020 2443 ordinem
1040 2390 1228 2456 agminis
1248 2389 1474 2439 sei-vantes
1489 2422 1507 2448 ,
