1618 2715
185 101 281 166 *396
562 103 1123 151 T1T1L1v11

186 210 338 259 liberis
366 211 749 275 conjugibusque:
780 211 852 258 sua
878 212 1030 260 omnia
1051 212 1198 259 secum
1219 214 1470 274 portarent:

188 281 371 345 Ligures
385 320 399 339 ‚
420 283 531 345 saepe
550 300 628 345 per
648 284 817 347 legatos
836 284 1082 345 deprecati,
1101 301 1155 331 ne
1178 295 1357 345 penates
1370 320 1382 341 ‚
1404 282 1469 329 se-

188 355 315 414 dem,
342 357 386 402 in
418 373 504 419 qua
526 357 665 419 geniti
695 348 860 424 effeiitz
887 357 1084 420 sepulcra
1111 356 1356 418 majorum,
1385 373 1469 403 co-

188 442 399 492 gerentur
428 431 712 494 relinquere‚
739 449 858 478 arma
876 467 888 487 ,
919 430 1092 477 obfides
1123 431 1470 493 pollicebantur.

189 502 425 566 postquam
455 503 566 550 nihil
598 504 924 565 impetrabant,
956 520 1103 567 neque
1136 504 1256 550 vires
1285 504 1339 549 ad
1372 502 1472 548 bel-

189 574 370 621 landum
401 587 523 621 erant
538 612 552 633 ,
572 576 720 622 edicto
742 589 1004 639 paruerunt.
1033 576 1246 623 Traduffi
1270 576 1368 621 sunt
1385 592 1472 637 pu-

190 646 314 694 blico
343 647 488 695 sumtu
510 650 565 695 ad
588 650 881 712 quadraginta
908 650 1049 696 millia
1074 649 1320 696 liberorum
1352 647 1471 709 capi·

190 731 285 765 tum
325 738 427 768 cum
458 720 635 768 feminis
666 722 919 785 puerisque.
960 721 1129 784 argenti
1159 721 1259 767 data
1289 731 1473 766 centum

192 793 241 839 &
262 793 590 857 quinquaginta
609 794 773 849 millia,
795 795 936 851 unde,
957 794 1000 839 in
1024 810 1166 840 novas
1190 793 1327 849 aede5‚
1347 807 1475 838 com·-

189 878 422 927 pararent,
445 883 544 930 quae
574 883 689 929 opus
713 867 863 914 effent.
889 884 997 930 agro
1026 867 1272 913 dividendo
1299 865 1475 911 dando·

190 954 279 1001 que
310 938 474 998 iidem,
500 939 580 1001 qui
613 939 929 996 traduxerant,
948 939 1190 987 Cornelius
1221 941 1270 986 &
1298 937 1475 984 Baebius

191 1011 435 1079 praepositi.
474 1012 801 1074 postulantibus
831 1025 979 1058 tamen
1014 1013 1115 1075 ipsis
1135 1048 1149 1072 ,
1183 1009 1475 1075 quinqueviri

191 1084 249 1130 ab
267 1083 416 1130 senatu
443 1085 533 1132 dati
549 1121 564 1144 ,
582 1101 777 1148 quorum
801 1102 855 1131 ex
877 1085 1068 1132 consilio
1092 1097 1285 1148 agerent.
1310 1081 1476 1131 Trans-

191 1155 285 1201 acta
314 1172 387 1213 re,
415 1173 516 1203 cum
541 1169 739 1203 veterem
770 1156 1020 1203 exercitum
1047 1157 1237 1202 Romam
1269 1152 1475 1201 deduxis-

192 1226 289 1274 sent
303 1263 317 1284 ‚
337 1228 588 1291 triumphus
608 1230 663 1275 ab
684 1228 836 1275 senatu
859 1229 919 1274 est
940 1229 1156 1276 decretus.
1189 1228 1247 1274 Hi
1267 1226 1472 1274 omnium

193 1300 326 1363 primi
358 1301 485 1346 nullo
514 1301 635 1347 bello
661 1301 783 1365 gesto
806 1301 1153 1363 triumpharunt.
1182 1311 1357 1363 tantum
1383 1299 1474 1345 ho-

194 1374 277 1420 stes
309 1374 428 1420 ducti
460 1387 562 1420 ante
594 1391 805 1421 currum:
838 1374 972 1437 quia,
1002 1390 1084 1420 nec
1114 1373 1221 1436 quid
1253 1372 1440 1420 ferretur
1459 1407 1476 1429 ‚

195 1464 344 1510 neque
375 1447 484 1511 quid
513 1447 753 1494 duceretur
783 1459 962 1509 captum
981 1482 995 1503 ,
1017 1463 1163 1508 neque
1188 1446 1297 1509 quid
1322 1444 1477 1491 militi-

193 1521 276 1568 bus
297 1521 500 1578 daretur,
521 1521 767 1583 quidquam
786 1521 830 1566 in
851 1519 1087 1581 triumphis
1107 1536 1266 1565 eorum
1285 1517 1446 1565 fuerat.

261 1594 488 1640 XXXIX.
515 1594 686 1640 Eodem
707 1610 828 1640 anno
849 1593 895 1639 in
917 1592 1128 1655 Hispania
1148 1592 1334 1638 Fulvius
1353 1592 1479 1638 Flac-

198 1682 277 1713 cus
306 1665 580 1728 proconsul,
607 1665 711 1729 quia
735 1665 958 1712 succeffor
991 1665 1037 1711 in
1070 1655 1357 1727 provinciam
1385 1674 1476 1708 tar-

198 1738 298 1786 dius
328 1737 539 1784 veniebat
557 1773 572 1796 ,
602 1738 765 1785 educto
794 1738 994 1784 exercitu
1022 1754 1077 1783 ex
1108 1736 1332 1794 hibernis,
1360 1734 1476 1781 ulte-

198 1811 368 1857 riorem
393 1810 646 1857 Celtiberiae
673 1827 854 1874 agrum,
874 1809 994 1856 unde
1014 1810 1070 1856 ad
1087 1808 1358 1856 deditionem
1380 1824 1476 1855 non

198 1898 445 1941 venerant,
477 1882 634 1929 institit
663 1882 849 1929 vastare.
890 1899 977 1944 qua
1009 1899 1055 1928 re
1088 1881 1281 1928 irritavit
1306 1881 1441 1943 magis
1464 1914 1481 1938 ‚

200 1972 334 2018 quam
364 1955 640 2012 conterruit,
672 1955 849 2002 animos
882 1955 1209 2000 barbarorum:
1253 1954 1302 1999 δε
1321 1988 1334 2011 ,
1364 1952 1476 1998 clam

200 2027 471 2088 comparatis
505 2027 677 2088 copiis,
708 2026 865 2072 saltum
901 2025 1211 2080 Manlianum,
1237 2040 1315 2086 per
1344 2040 1478 2087 quem

200 2099 488 2146 transiturum
509 2099 753 2146 exereitum
773 2100 1028 2144 Romanurn
1047 2096 1142 2142 satis
1161 2096 1374 2152 sciebant,
1395 2094 1479 2140 ob-

201 2171 419 2220 sederunt.
451 2176 498 2219 ln
528 2172 785 2235 Hispaniam
812 2173 1072 2219 ulteriorem
1100 2170 1224 2217 eunti
1248 2173 1296 2216 L.
1321 2168 1479 2215 Postu-

202 2246 299 2294 mio
326 2247 496 2294 Albino
524 2246 711 2310 collegae
740 2245 975 2293 Gracchus
1003 2244 1316 2299 mandaverat,
1342 2253 1389 2287 ut
1416 2242 1476 2300 Q²

206 2320 416 2387 Fulvium
438 2320 678 2367 certiorem
698 2319 887 2376 faceret,
905 2319 1211 2365 Tarraconem
1231 2314 1479 2361 exercitum

204 2394 454 2442 adduceret.
489 2397 548 2441 ibi
574 2395 732 2442 dimitti
758 2409 996 2452 veteranos,
1021 2393 1382 2453 supplementaque
1408 2390 1481 2434 di-
