1618 2715
229 107 287 155 32
576 89 1136 138 T1T1L1v11

227 200 280 246 &
306 197 438 246 sociis
468 198 667 256 indicto,
704 198 750 244 in
782 215 875 261 quo
903 199 953 246 &
978 198 1263 261 Epirotarum
1296 198 1345 245 δε
1375 196 1511 244 Acar-³

225 289 393 318 nanum
431 271 554 336 fuere
588 270 812 334 principes
832 306 845 327 ‚
879 270 1057 328 statuit,
1086 271 1300 333 quoniam
1330 269 1429 316 satis
1459 274 1511 317 &

222 343 409 391 suorum
428 360 452 390 a
470 342 643 405 pudore
663 342 895 388 maritimae
922 341 1184 404 ignominiae
1206 340 1395 388 restituti
1415 340 1512 386 ani-

224 416 317 474 mi,
355 417 405 463 &
439 414 634 461 hostium
664 415 898 461 conterriti
930 414 1098 471 essent,
1134 417 1188 462 ad
1220 417 1512 463 Lacedaemo·

224 506 329 535 nem
362 488 547 534 ducere:
575 502 631 532 eo
652 486 793 532 modo
814 502 908 531 uno
931 498 1048 531 ratus
1069 487 1124 532 ab
1143 487 1378 534 obsidione
1402 488 1508 547 Gy-

225 561 311 608 thii
341 560 513 606 hostem
551 550 714 606 abd'uci
753 558 888 622 poss'e.
929 560 996 605 Ad
1028 562 1202 623 Caryas
1233 561 1428 622 primum
1462 558 1510 606 in

225 633 423 680 hostium
462 646 578 680 terra
608 631 756 694 posuit
789 631 940 678 castra.
972 634 1040 678 Eo
1068 633 1159 695 ipse
1183 633 1254 680 die
1284 633 1510 697 Gythium

223 718 530 769 expugnatum
565 705 640 752 est.
683 704 810 766 cujus
846 705 909 751 rei
949 704 1125 766 ignarus
1157 706 1474 768 Philopoemen
1495 739 1510 762 ‚

223 778 367 826 castra
400 778 455 824 ad
490 777 837 824 Barbosthenem
873 776 1036 840 (mons
1079 776 1140 823 est
1179 778 1333 823 decem
1371 777 1512 823 millia

226 852 427 916 paffuum
445 850 500 897 ab
520 847 877 912 Lacedaemone)
903 849 1153 911 promovit.
1181 850 1236 894 Er
1257 849 1298 894 N
1304 842 1424 907 abis}
1442 865 1514 894 re-

228 936 365 986 cepto
395 923 607 987 Gythio‚
641 939 744 969 cum
777 922 992 984 expedito
1028 921 1232 968 exercitu
1265 921 1368 967 inde
1401 937 1514 982 pro-

229 996 398 1053 fectus,
432 1013 534 1043 cum
564 1007 725 1057 praeter
762 995 1132 1040 Lacedaemonem
1165 993 1327 1055 raptim
1366 991 1514 1038 duxis-

228 1071 295 1119 set
310 1107 323 1128 ‚
347 1069 516 1134 Pyrrhi
540 1067 672 1132 (quae
695 1065 900 1130 vocant)
920 1066 1058 1114 castra
1080 1065 1348 1128 occupavit:
1375 1081 1513 1127 quem

227 1141 324 1206 peti
355 1141 509 1187 locum
532 1140 586 1186 ab
611 1138 814 1196 Achaeis,
843 1155 938 1185 non
964 1138 1207 1185 dubitabat.
1241 1137 1343 1184 inde
1370 1135 1514 1182 hosti-

231 1215 314 1261 bus
335 1213 552 1260 occurrit.
577 1211 857 1258 Obtinebant
877 1223 1026 1258 autem
1046 1211 1186 1274 longo
1208 1209 1382 1273 agmine
1404 1223 1514 1270 pro-

231 1298 332 1350 pter
363 1284 582 1349 angustias
614 1283 700 1330 viae
733 1300 876 1347 prope
905 1283 1103 1347 quinque
1136 1281 1275 1328 millia
1301 1281 1513 1344 passuum.

233 1359 480 1424 cogebatur
500 1374 656 1421 agmen
686 1358 739 1404 ab
760 1356 988 1420 equitibus
1007 1391 1020 1413 ‚
1050 1356 1100 1402 &
1125 1354 1317 1400 maxime
1337 1371 1361 1400 a
1389 1364 1515 1415 parte.

230 1431 537 1479 auxiliorum:
576 1431 701 1494 quod
733 1429 1011 1476 existimabat
1043 1427 1368 1490 Philopoemen
1388 1462 1402 1484 ‚
1439 1438 1515 1489 ty-

230 1522 423 1551 rannum
459 1502 744 1551 mercenariis
776 1502 992 1548 militibus
1016 1537 1030 1560 ‚
1067 1501 1228 1564 quibus
1269 1499 1515 1562 plurimum

232 1577 418 1634 fideret,
446 1577 500 1622 ab
519 1588 647 1638 tergo
671 1574 772 1621 suos
792 1574 1108 1637 aggressurum.
1145 1575 1263 1620 Duae
1291 1589 1359 1619 res
1387 1570 1516 1618 fimul

231 1649 482 1711 inopinatae
515 1648 801 1712 perculerunt
828 1665 957 1694 eum:
991 1665 1110 1705 una,
1145 1660 1515 1710 praeoccupatus,

233 1739 369 1785 quem
394 1722 608 1785 petebat,
636 1721 790 1768 locus:
820 1721 954 1767 altera
972 1756 986 1779 ‚
1018 1721 1143 1783 quod
1169 1720 1317 1783 primo
1348 1720 1516 1784 agmini

233 1795 477 1842 occurriffe
494 1793 667 1849 hostem
690 1795 921 1852 cernebat,
942 1794 1018 1840 ubi
1035 1830 1048 1852 ,
1067 1811 1169 1841 cum
1187 1811 1264 1857 per
1280 1794 1382 1840 loca
1403 1808 1518 1841 con-

234 1867 407 1931 fragosa
428 1867 509 1913 iter
527 1866 653 1924 esset,
675 1866 764 1913 fine
789 1867 901 1916 levis
920 1878 1154 1914 armaturae
1174 1857 1380 1930 praefidio
1397 1867 1517 1929 figna

235 1939 345 1986 ferri
367 1957 463 1987 non
484 1940 664 1989 videbat
679 1932 820 2002 posse.
1257 1996 1259 1999 ι

305 2015 522 2060 Xva.
557 2015 660 2059 Erat
693 2025 838 2059 autem
864 2012 1182 2075 Philopoemen
1209 2011 1446 2076 praecipuae
1469 2010 1518 2059 in

237 2087 448 2135 ducendo
477 2085 650 2149 agmine
681 2085 882 2149 locisque
915 2086 1142 2148 capiendis
1160 2084 1350 2131 solertiae
1383 2096 1519 2147 atque

238 2160 366 2207 ustis:
399 2175 482 2206 nec
520 2158 624 2204 belli
658 2169 831 2203 tantum
859 2158 1166 2219 temporibus,
1201 2156 1274 2203 sed
1306 2156 1438 2202 etiam
1471 2156 1519 2202 in

237 2248 348 2294 pace
365 2267 379 2289 ‚
408 2231 463 2277 ad
489 2230 534 2276 id
568 2230 762 2277 maxime
790 2229 989 2276 animum
1011 2243 1284 2278 exercuerat.
1320 2230 1411 2276 Ubi
1432 2230 1521 2275 iter

235 2305 454 2367 quopiam
487 2304 684 2363 faceret,
720 2306 770 2352 ὃ(
805 2304 860 2349 ad
891 2304 1118 2351 difficilem
1146 2304 1328 2350 transitu
1361 2302 1518 2349 saltum

237 2376 463 2437 veniffet,
496 2374 824 2439 contemplatus
860 2374 914 2421 ab
946 2375 1073 2422 omni
1103 2389 1228 2439 parte
1260 2373 1351 2425 loci
1385 2388 1520 2425 natue,

1597 2397 1602 2469 l
