1618 2715
196 79 288 144 368
580 80 1117 130 T1T1L1v11

194 193 278 236 lzaec
299 209 463 252 regnum
485 206 599 236 tuum
629 192 867 236 criminibus
898 189 941 236 δ’
959 193 1279 252 suspicionibus
1307 198 1473 254 replent.

192 264 290 323 Ego
307 279 442 309 autem
455 297 469 319 ‚
482 279 625 322 pater,
645 265 987 322 quemadmodum
1005 283 1074 309 nec
1099 283 1209 309 nunc
1227 265 1392 324 sperare
1412 285 1475 312 re-

193 354 339 398 gnum,
353 356 423 383 nec
438 339 635 398 ambigere
652 354 832 396 unquam
853 339 904 381 de
919 355 963 381 eo
970 337 1155 401 forsitan
1173 342 1354 397 debeam,
1374 344 1476 402 quia

195 412 335 455 minor
340 411 467 470 sum,
493 413 591 472 quia
610 426 654 455 tu
671 428 732 455 me
750 409 904 464 majori
930 413 1060 455 cedere
1075 414 1168 467 vis,·
1179 413 1247 475 fic
1273 417 1384 458 illud
1403 433 1476 460 nec

197 484 315 528 debui
334 481 474 540 facere
488 517 502 539 ,
520 501 590 529 nec
609 484 727 527 debeo
742 517 755 538 ‚
774 499 819 528 ut
836 485 1038 544 indignus
1055 499 1091 528 te
1105 502 1222 544 patre
1236 520 1250 543 ,
1275 489 1477 549 indignus

127 598 142 606 μ
196 556 389 600 omnibus
413 557 566 601 videar.
589 558 638 600 id
651 558 758 601 enim
787 558 902 601 vitiis
921 559 1164 614 meis‚‘non
1189 562 1361 604 cedendo
1376 595 1390 618 ‚
1412 563 1478 606 cui

189 628 263 683 jus
281 628 434 688 fasque
452 631 527 692 est,
546 647 632 674 non
655 629 872 694 modestia,
893 631 1126 690 confiquar.
1153 634 1372 679 Romanos
1399 637 1475 680 ob-

184 700 294 756 jicis
314 703 417 745 mihi
430 735 443 757 ‚
466 697 508 745 δ’
526 719 572 745 ea
587 735 599 757 ‚
618 719 704 761 quae
722 704 861 761 gloria:
885 699 954 764 effe
973 705 1138 760 debent,
1158 705 1204 749 in
1225 707 1373 750 crimen
1392 724 1479 753 ver·

197 776 265 818 tis,
302 776 395 834 Ego
411 807 424 829 ,
447 791 518 818 nec
545 774 659 833 obses
685 775 896 819 Romanis
917 791 964 820 ut
984 779 1182 834 traderer,
1202 796 1273 822 nec
1298 794 1345 823 ut
1366 782 1481 840 lega·

197 864 264 892 ms
294 850 467 892 mitterer
494 848 675 891 Romam
693 879 706 902 ‚
727 848 846 906 petii.
887 866 915 891 a
940 863 975 891 te
1007 846 1151 910 mzffics
1177 853 1234 894 ire
1257 867 1343 894 non
1367 868 1481 895 recu·

185 919 302 978 levi.
335 934 499 978 utroque
524 935 695 977 tempore
721 920 781 962 ita
808 936 868 963 me
895 917 1012 980 geffi,
1037 937 1087 964 ne
1115 923 1194 965 tibi
1217 924 1401 980 pudori,
1430 941 1480 968 ne

197 1010 318 1052 regno
335 1008 428 1049 tuo,
444 1011 494 1037 ne
509 992 624 1052 genti
643 993 919 1036 Macedonum
943 990 1072 1053 essem.
1101 994 1243 1053 Itaque
1268 995 1371 1038 mibi
1390 1012 1482 1039 curn

199 1068 410 1113 Romanis
437 1069 631 1113 amicitiae
651 1067 776 1126 causa
792 1066 970 1130 tufinsti
982 1103 993 1121 ,
1011 1082 1143 1126 pater.
1175 1068 1334 1128 Quoad
1353 1085 1480 1115 tecum

198 1143 285 1186 illis
298 1160 396 1201 pax
418 1142 601 1186 manebit
615 1173 630 1197 ‚
648 1158 802 1186 mecum
825 1159 977 1201 quoque
993 1143 1134 1201 gratia
1156 1144 1258 1186 erit:
1272 1142 1322 1204 st
1334 1144 1480 1187 bellum

198 1210 269 1276 effe
299 1214 459 1273 coeperit
474 1247 487 1267 ,
511 1214 582 1272 qui
601 1213 714 1272 obses
727 1247 741 1267 ,
763 1214 834 1271 qui
850 1215 1008 1272 legatus
1028 1230 1108 1272 pro
1128 1230 1248 1271 patre
1269 1231 1354 1257 non
1379 1215 1481 1258 inu-

199 1288 287 1331 tilis
305 1286 379 1344 fai
394 1321 406 1341 ,
428 1288 534 1330 idem
555 1285 678 1349 bostis
699 1287 787 1329 illis
806 1288 1026 1329 acerrimus
1053 1304 1131 1330 ero.
1163 1287 1249 1329 Nec
1271 1288 1484 1340 hoa⁷ie5ut

196 1359 326 1422 prosit
349 1360 451 1404 mihi
473 1359 612 1423 gratia
633 1358 921 1402 Romanorum
936 1393 951 1413 ,
968 1360 1128 1424 postulo
1139 1376 1159 1412 ,·
1177 1377 1226 1403 ne
1247 1359 1363 1422 obsit,
1382 1376 1484 1403 tan·-
1542 1411 1543 1415 Ἰ

197 1449 285 1478 turn
309 1435 505 1492 deprecor.
536 1447 607 1475 nec
635 1433 679 1474 in
708 1432 810 1475 bello
832 1432 978 1490 coepit,
997 1447 1068 1474 nec
1097 1433 1156 1474 ad
1184 1433 1329 1475 bellum
1359 1432 1482 1490 reser-

200 1521 335 1553 vatur.
365 1508 492 1552 Pacis
511 1508 670 1566 pignus
680 1505 758 1563 fui
772 1539 786 1561 ‚
805 1507 865 1549 ad
873 1523 1020 1564 pacem
1039 1507 1295 1551 retinendam
1325 1510 1485 1567 legatus

199 1577 341 1640 miffics
360 1580 474 1639 stim.
505 1594 649 1624 neutra
678 1596 737 1623 res
772 1580 878 1623 milu'
912 1597 984 1624 nec
1012 1582 1183 1640 gloriae,
1211 1597 1283 1625 nec
1318 1580 1485 1625 crimini

187 1653 264 1717 fit.
300 1655 395 1715 Ego
409 1688 424 1708 ,
442 1652 492 1716 st
513 1653 616 1712 quid
636 1653 761 1712 impie
781 1654 825 1696 in
851 1668 914 1709 te,
937 1667 1085 1712 pater,
1097 1653 1148 1716 st
1169 1654 1274 1712 quid
1289 1654 1484 1713 scelerate

202 1726 249 1769 in
265 1724 442 1782 fratrem
476 1723 653 1786 admisi,
689 1726 849 1768 nullam
873 1727 1059 1784 deprecor
1080 1743 1262 1784 poenam.
1285 1724 1337 1788 fi
1356 1727 1486 1769 inno-

202 1814 296 1841 cens
319 1797 416 1856 Jiim
441 1829 454 1853 ‚
481 1815 531 1840 ne
563 1795 731 1839 invidia
763 1797 1010 1859 conflagrem
1035 1831 1049 1852 ‚
1080 1814 1170 1841 cum
1203 1799 1371 1843 crimine
1399 1815 1486 1842 non

198 1869 346 1932 pcffim
360 1906 373 1927 ,
394 1874 590 1930 deprecor.
609 1872 710 1914 Non
731 1871 852 1915 hodie
869 1889 930 1916 me
945 1874 1129 1931 primum
1143 1871 1280 1930 frater
1295 1873 1488 1932 accusat:

195 1944 280 2006 sed
300 1946 422 1990 hodie
443 1946 625 2004 primum
659 1959 817 2003 aperte,
847 1948 964 1990 nullo
988 1964 1074 1991 meo
1101 1948 1147 1990 in
1166 1945 1215 2005 se
1247 1948 1403 1990 merito.
1436 1946 1490 1989 Si

205 2019 312 2062 milzi
332 2033 455 2077 pater
468 2017 745 2077 fitccenseret,
762 2036 798 2062 te
822 2017 1020 2071 majorem
1038 2017 1215 2076 fratrem
1233 2036 1310 2078 pro
1338 2018 1491 2062 minore

205 2092 408 2150 deprecari
441 2084 670 2151 oportebat,
698 2106 734 2136 te
765 2092 1074 2151 adolescentiae,
1110 2107 1145 2135 te
1175 2093 1297 2135 errori
1326 2091 1490 2134 veniam

172 2165 188 2169 ”
206 2164 429 2221 impetrare.
451 2165 496 2206 in
514 2181 558 2207 eo
574 2197 587 2219 ‚
605 2165 676 2208 ubi
684 2163 919 2226 praesidium
947 2161 1019 2224 eſje
1038 2164 1273 2221 opportebat
1285 2195 1298 2217 ‚
1319 2163 1378 2205 ibi
1395 2160 1491 2204 exi·

207 2236 313 2278 tium
337 2234 400 2299 est.
435 2236 477 2278 E
506 2237 696 2280 convivio
723 2232 765 2280 δ’
792 2231 1143 2296 comiffationibus
1162 2250 1291 2292 prope,
1306 2231 1490 2290 semiso-

208 2323 334 2351 mnus
357 2322 495 2369 raptus
509 2307 608 2365 sum
631 2309 691 2351 ad
713 2306 880 2365 causam
896 2307 1121 2365 parricidii
1147 2304 1377 2347 dicendam.
1395 2301 1492 2365 fine

210 2381 452 2439 advocatis,
464 2380 560 2443 fine
579 2383 805 2441 patronis,
827 2380 910 2441 ipse
934 2398 1012 2440 pro
1040 2396 1101 2424 me
1125 2379 1251 2423 dicere
1276 2394 1409 2438 cogor.
1437 2373 1490 2419 Si
