<?xml version="1.0" encoding="UTF-8"?>
<!DOCTYPE html PUBLIC "-//W3C//DTD XHTML 1.0 Transitional//EN"
    "http://www.w3.org/TR/xhtml1/DTD/xhtml1-transitional.dtd">
<html xmlns="http://www.w3.org/1999/xhtml" xml:lang="en" lang="en">
 <head>
  <title>
</title>
<meta http-equiv="Content-Type" content="text/html;charset=utf-8" />
  <meta name='ocr-system' content='tesseract 3.04.00' />
  <meta name='ocr-capabilities' content='ocr_page ocr_carea ocr_par ocr_line ocrx_word'/>
</head>
<body>
  <div class='ocr_page' id='page_1' title='image "./historiarumlibri06livyuoft_0137.png"; bbox 0 0 1618 2715; ppageno 0'>
   <div class='ocr_carea' id='block_1_1' title="bbox 214 125 1403 191">
    <p class='ocr_par' dir='ltr' id='par_1_1' title="bbox 214 125 1403 191">
     <span class='ocr_line' id='line_1_1' title="bbox 214 125 1403 191; baseline 0 -17"><span class='ocrx_word' id='word_1_1' title='bbox 214 184 219 187; x_wconf 23' lang='lat'><em>⁴</em></span> <span class='ocrx_word' id='word_1_2' title='bbox 259 125 810 176; x_wconf 69' lang='lat' dir='ltr'><strong>HtsToRtARoM</strong></span> <span class='ocrx_word' id='word_1_3' title='bbox 845 126 967 172; x_wconf 71' lang='lat' dir='ltr'><strong>me..</strong></span> <span class='ocrx_word' id='word_1_4' title='bbox 1001 126 1243 174; x_wconf 57' lang='lat' dir='ltr'><strong>xxxvii.</strong></span> <span class='ocrx_word' id='word_1_5' title='bbox 1317 143 1403 191; x_wconf 59' lang='grc' dir='ltr'><strong>ης</strong></span> 
     </span>
    </p>
   </div>
   <div class='ocr_carea' id='block_1_2' title="bbox 114 232 1429 2416">
    <p class='ocr_par' dir='ltr' id='par_1_2' title="bbox 114 232 1429 2416">
     <span class='ocr_line' id='line_1_2' title="bbox 174 232 1406 296; baseline 0.001 -13"><span class='ocrx_word' id='word_1_6' title='bbox 174 236 268 284; x_wconf 79' lang='grc' dir='ltr'><strong>ἹΧ.</strong></span> <span class='ocrx_word' id='word_1_7' title='bbox 300 238 419 282; x_wconf 83' lang='lat' dir='ltr'><strong>Inter</strong></span> <span class='ocrx_word' id='word_1_8' title='bbox 439 235 536 282; x_wconf 79' lang='lat' dir='ltr'><strong>haec</strong></span> <span class='ocrx_word' id='word_1_9' title='bbox 563 234 768 281; x_wconf 80' lang='lat' dir='ltr'><strong>Phocaeae</strong></span> <span class='ocrx_word' id='word_1_10' title='bbox 792 232 951 280; x_wconf 85' lang='lat' dir='ltr'><strong>seditio</strong></span> <span class='ocrx_word' id='word_1_11' title='bbox 980 246 1079 280; x_wconf 90' lang='lat' dir='ltr'><strong>orta</strong></span> <span class='ocrx_word' id='word_1_12' title='bbox 1095 269 1108 292; x_wconf 92' lang='lat'><em>‚</em></span> <span class='ocrx_word' id='word_1_13' title='bbox 1139 234 1406 296; x_wconf 78' lang='lat' dir='ltr'><strong>quibusdam</strong></span> 
     </span>
     <span class='ocr_line' id='line_1_3' title="bbox 120 305 1405 355; baseline 0 -1"><span class='ocrx_word' id='word_1_14' title='bbox 120 307 181 354; x_wconf 78' lang='lat' dir='ltr'><strong>ad</strong></span> <span class='ocrx_word' id='word_1_15' title='bbox 213 308 497 355; x_wconf 85' lang='lat' dir='ltr'>Antiochum</span> <span class='ocrx_word' id='word_1_16' title='bbox 537 305 836 353; x_wconf 80' lang='lat' dir='ltr'>multitudinis</span> <span class='ocrx_word' id='word_1_17' title='bbox 873 305 1048 352; x_wconf 89' lang='lat' dir='ltr'><strong>animos</strong></span> <span class='ocrx_word' id='word_1_18' title='bbox 1092 308 1405 355; x_wconf 77' lang='lat' dir='ltr'>avocantibus.</span> 
     </span>
     <span class='ocr_line' id='line_1_4' title="bbox 121 378 1406 442; baseline 0 -17"><span class='ocrx_word' id='word_1_19' title='bbox 121 380 295 426; x_wconf 80' lang='lat' dir='ltr'><strong>Gravia</strong></span> <span class='ocrx_word' id='word_1_20' title='bbox 330 380 518 427; x_wconf 84' lang='lat' dir='ltr'><strong>hiberna</strong></span> <span class='ocrx_word' id='word_1_21' title='bbox 550 378 738 426; x_wconf 88' lang='lat' dir='ltr'><strong>navium</strong></span> <span class='ocrx_word' id='word_1_22' title='bbox 776 390 932 434; x_wconf 79' lang='lat' dir='ltr'><strong>erant3</strong></span> <span class='ocrx_word' id='word_1_23' title='bbox 979 394 1112 442; x_wconf 83' lang='lat' dir='ltr'><strong>grave</strong></span> <span class='ocrx_word' id='word_1_24' title='bbox 1153 378 1406 439; x_wconf 86' lang='lat' dir='ltr'><strong>tributum,</strong></span> 
     </span>
     <span class='ocr_line' id='line_1_5' title="bbox 121 452 1408 518; baseline 0.002 -20"><span class='ocrx_word' id='word_1_25' title='bbox 121 453 252 516; x_wconf 82' lang='lat' dir='ltr'><strong>quod</strong></span> <span class='ocrx_word' id='word_1_26' title='bbox 274 464 392 515; x_wconf 86' lang='lat' dir='ltr'><strong>togae</strong></span> <span class='ocrx_word' id='word_1_27' title='bbox 417 454 676 517; x_wconf 76' lang='lat' dir='ltr'><strong>quingentae</strong></span> <span class='ocrx_word' id='word_1_28' title='bbox 701 452 927 515; x_wconf 85' lang='lat' dir='ltr'><strong>imperatae</strong></span> <span class='ocrx_word' id='word_1_29' title='bbox 959 467 1111 509; x_wconf 88' lang='lat' dir='ltr'><strong>erant,</strong></span> <span class='ocrx_word' id='word_1_30' title='bbox 1143 471 1243 500; x_wconf 88' lang='lat' dir='ltr'><strong>cum</strong></span> <span class='ocrx_word' id='word_1_31' title='bbox 1264 455 1408 518; x_wconf 86' lang='lat' dir='ltr'><strong>quin-</strong></span> 
     </span>
     <span class='ocr_line' id='line_1_6' title="bbox 123 525 1408 592; baseline 0.005 -21"><span class='ocrx_word' id='word_1_32' title='bbox 123 525 270 587; x_wconf 80' lang='lat' dir='ltr'><strong>gentis</strong></span> <span class='ocrx_word' id='word_1_33' title='bbox 292 525 490 583; x_wconf 88' lang='lat' dir='ltr'><strong>tunicis;</strong></span> <span class='ocrx_word' id='word_1_34' title='bbox 522 526 670 589; x_wconf 84' lang='lat' dir='ltr'><strong>gravis</strong></span> <span class='ocrx_word' id='word_1_35' title='bbox 698 525 830 573; x_wconf 85' lang='lat' dir='ltr'><strong>etiam</strong></span> <span class='ocrx_word' id='word_1_36' title='bbox 851 526 1008 589; x_wconf 90' lang='lat' dir='ltr'><strong>inopia</strong></span> <span class='ocrx_word' id='word_1_37' title='bbox 1026 525 1266 587; x_wconf 83' lang='lat' dir='ltr'><strong>frumenti,</strong></span> <span class='ocrx_word' id='word_1_38' title='bbox 1295 547 1408 592; x_wconf 89' lang='lat' dir='ltr'><strong>pro-</strong></span> 
     </span>
     <span class='ocr_line' id='line_1_7' title="bbox 124 598 1409 661; baseline 0.007 -20"><span class='ocrx_word' id='word_1_39' title='bbox 124 607 225 658; x_wconf 86' lang='lat' dir='ltr'><strong>pter</strong></span> <span class='ocrx_word' id='word_1_40' title='bbox 252 613 385 659; x_wconf 85' lang='lat' dir='ltr'><strong>quam</strong></span> <span class='ocrx_word' id='word_1_41' title='bbox 413 614 551 645; x_wconf 87' lang='lat' dir='ltr'><strong>naves</strong></span> <span class='ocrx_word' id='word_1_42' title='bbox 584 612 768 661; x_wconf 85' lang='lat' dir='ltr'><strong>quoque</strong></span> <span class='ocrx_word' id='word_1_43' title='bbox 794 600 845 645; x_wconf 89' lang='lat'>&amp;</span> <span class='ocrx_word' id='word_1_44' title='bbox 874 598 1123 660; x_wconf 69' lang='lat' dir='ltr'><strong>praesidium</strong></span> <span class='ocrx_word' id='word_1_45' title='bbox 1150 601 1409 651; x_wconf 85' lang='lat' dir='ltr'><strong>Romanum</strong></span> 
     </span>
     <span class='ocr_line' id='line_1_8' title="bbox 121 670 1410 739; baseline 0.008 -25"><span class='ocrx_word' id='word_1_46' title='bbox 121 670 321 717; x_wconf 71' lang='lat' dir='ltr'><strong>exceffit.</strong></span> <span class='ocrx_word' id='word_1_47' title='bbox 352 682 447 716; x_wconf 79' lang='lat' dir='ltr'><strong>tum</strong></span> <span class='ocrx_word' id='word_1_48' title='bbox 479 687 594 718; x_wconf 78' lang='lat' dir='ltr'><strong>vero</strong></span> <span class='ocrx_word' id='word_1_49' title='bbox 622 671 805 717; x_wconf 87' lang='lat' dir='ltr'><strong>liberata</strong></span> <span class='ocrx_word' id='word_1_50' title='bbox 835 683 956 717; x_wconf 85' lang='lat' dir='ltr'><strong>metu</strong></span> <span class='ocrx_word' id='word_1_51' title='bbox 989 671 1124 718; x_wconf 73' lang='lat' dir='ltr'><strong>faffio</strong></span> <span class='ocrx_word' id='word_1_52' title='bbox 1154 687 1276 733; x_wconf 88' lang='lat' dir='ltr'><strong>erat,</strong></span> <span class='ocrx_word' id='word_1_53' title='bbox 1307 694 1410 739; x_wconf 71' lang='lat' dir='ltr'><strong>quar:</strong></span> 
     </span>
     <span class='ocr_line' id='line_1_9' title="bbox 125 743 1413 807; baseline 0.006 -18"><span class='ocrx_word' id='word_1_54' title='bbox 125 743 305 807; x_wconf 81' lang='lat' dir='ltr'><strong>plebem</strong></span> <span class='ocrx_word' id='word_1_55' title='bbox 329 745 376 790; x_wconf 90' lang='lat' dir='ltr'><strong>in</strong></span> <span class='ocrx_word' id='word_1_56' title='bbox 394 744 700 792; x_wconf 86' lang='lat' dir='ltr'>concionibus</span> <span class='ocrx_word' id='word_1_57' title='bbox 721 745 776 790; x_wconf 89' lang='lat' dir='ltr'><strong>ad</strong></span> <span class='ocrx_word' id='word_1_58' title='bbox 793 744 1072 791; x_wconf 73' lang='lat' dir='ltr'>Antiochum</span> <span class='ocrx_word' id='word_1_59' title='bbox 1092 746 1306 795; x_wconf 83' lang='lat' dir='ltr'><strong>trahebat.</strong></span> <span class='ocrx_word' id='word_1_60' title='bbox 1337 751 1413 798; x_wconf 87' lang='lat' dir='ltr'><strong>Se-</strong></span> 
     </span>
     <span class='ocr_line' id='line_1_10' title="bbox 126 816 1411 882; baseline 0.005 -20"><span class='ocrx_word' id='word_1_61' title='bbox 126 829 257 862; x_wconf 74' lang='lat' dir='ltr'><strong>natus</strong></span> <span class='ocrx_word' id='word_1_62' title='bbox 287 819 337 864; x_wconf 87' lang='lat'>&amp;</span> <span class='ocrx_word' id='word_1_63' title='bbox 370 818 610 879; x_wconf 77' lang='lat' dir='ltr'><strong>optimates</strong></span> <span class='ocrx_word' id='word_1_64' title='bbox 645 816 691 863; x_wconf 89' lang='lat' dir='ltr'><strong>in</strong></span> <span class='ocrx_word' id='word_1_65' title='bbox 719 819 924 864; x_wconf 84' lang='lat' dir='ltr'><strong>Romana</strong></span> <span class='ocrx_word' id='word_1_66' title='bbox 957 817 1172 865; x_wconf 84' lang='lat' dir='ltr'><strong>societate</strong></span> <span class='ocrx_word' id='word_1_67' title='bbox 1208 821 1411 882; x_wconf 84' lang='lat' dir='ltr'><strong>perstan-</strong></span> 
     </span>
     <span class='ocr_line' id='line_1_11' title="bbox 127 888 1414 956; baseline 0.006 -21"><span class='ocrx_word' id='word_1_68' title='bbox 127 889 238 935; x_wconf 82' lang='lat' dir='ltr'><strong>dum</strong></span> <span class='ocrx_word' id='word_1_69' title='bbox 258 888 507 937; x_wconf 78' lang='lat' dir='ltr'><strong>censebant.</strong></span> <span class='ocrx_word' id='word_1_70' title='bbox 534 889 795 938; x_wconf 60' lang='lat' dir='ltr'><strong>defectionis</strong></span> <span class='ocrx_word' id='word_1_71' title='bbox 815 892 1017 938; x_wconf 59' lang='lat' dir='ltr'><strong>auctores</strong></span> <span class='ocrx_word' id='word_1_72' title='bbox 1039 892 1137 954; x_wconf 85' lang='lat' dir='ltr'><strong>plus</strong></span> <span class='ocrx_word' id='word_1_73' title='bbox 1158 896 1275 956; x_wconf 83' lang='lat' dir='ltr'><strong>apud</strong></span> <span class='ocrx_word' id='word_1_74' title='bbox 1297 898 1414 943; x_wconf 86' lang='lat' dir='ltr'><strong>mul-</strong></span> 
     </span>
     <span class='ocr_line' id='line_1_12' title="bbox 126 962 1410 1027; baseline -0.001 -17"><span class='ocrx_word' id='word_1_75' title='bbox 126 963 365 1010; x_wconf 70' lang='lat' dir='ltr'><strong>titudinem</strong></span> <span class='ocrx_word' id='word_1_76' title='bbox 390 962 644 1009; x_wconf 84' lang='lat' dir='ltr'><strong>valuerunt.</strong></span> <span class='ocrx_word' id='word_1_77' title='bbox 682 962 880 1021; x_wconf 84' lang='lat' dir='ltr'><strong>Rhodii,</strong></span> <span class='ocrx_word' id='word_1_78' title='bbox 910 979 1006 1026; x_wconf 85' lang='lat' dir='ltr'><strong>quo</strong></span> <span class='ocrx_word' id='word_1_79' title='bbox 1031 966 1167 1027; x_wconf 74' lang='lat' dir='ltr'><strong>magis</strong></span> <span class='ocrx_word' id='word_1_80' title='bbox 1198 967 1410 1016; x_wconf 71' lang='lat' dir='ltr'><strong>cessatum</strong></span> 
     </span>
     <span class='ocr_line' id='line_1_13' title="bbox 127 1035 1412 1101; baseline 0.004 -19"><span class='ocrx_word' id='word_1_81' title='bbox 127 1037 284 1101; x_wconf 84' lang='lat' dir='ltr'><strong>priore</strong></span> <span class='ocrx_word' id='word_1_82' title='bbox 307 1035 452 1082; x_wconf 82' lang='lat' dir='ltr'><strong>aestate</strong></span> <span class='ocrx_word' id='word_1_83' title='bbox 479 1048 600 1093; x_wconf 82' lang='lat' dir='ltr'><strong>erat,</strong></span> <span class='ocrx_word' id='word_1_84' title='bbox 631 1052 688 1082; x_wconf 93' lang='lat' dir='ltr'><strong>eo</strong></span> <span class='ocrx_word' id='word_1_85' title='bbox 717 1036 933 1081; x_wconf 82' lang='lat' dir='ltr'><strong>maturius</strong></span> <span class='ocrx_word' id='word_1_86' title='bbox 962 1037 1235 1099; x_wconf 61' lang='lat' dir='ltr'><strong>aequinoctio</strong></span> <span class='ocrx_word' id='word_1_87' title='bbox 1261 1058 1412 1088; x_wconf 88' lang='lat' dir='ltr'><strong>verno</strong></span> 
     </span>
     <span class='ocr_line' id='line_1_14' title="bbox 126 1107 1414 1168; baseline 0.004 -14"><span class='ocrx_word' id='word_1_88' title='bbox 126 1109 319 1155; x_wconf 81' lang='lat' dir='ltr'><strong>eundem</strong></span> <span class='ocrx_word' id='word_1_89' title='bbox 337 1108 646 1154; x_wconf 77' lang='lat' dir='ltr'><strong>Pausistratum</strong></span> <span class='ocrx_word' id='word_1_90' title='bbox 679 1107 819 1154; x_wconf 87' lang='lat' dir='ltr'><strong>claffis</strong></span> <span class='ocrx_word' id='word_1_91' title='bbox 850 1107 1109 1168; x_wconf 62' lang='lat' dir='ltr'><strong>praefeetum</strong></span> <span class='ocrx_word' id='word_1_92' title='bbox 1136 1127 1240 1156; x_wconf 88' lang='lat' dir='ltr'><strong>cum</strong></span> <span class='ocrx_word' id='word_1_93' title='bbox 1270 1111 1345 1158; x_wconf 67' lang='lat' dir='ltr'><strong>sex</strong></span> <span class='ocrx_word' id='word_1_94' title='bbox 1364 1117 1414 1162; x_wconf 70' lang='grc' dir='ltr'><strong>ὃς</strong></span> 
     </span>
     <span class='ocr_line' id='line_1_15' title="bbox 126 1180 1413 1244; baseline 0.003 -15"><span class='ocrx_word' id='word_1_95' title='bbox 126 1181 311 1244; x_wconf 70' lang='lat' dir='ltr'><strong>triginta</strong></span> <span class='ocrx_word' id='word_1_96' title='bbox 336 1181 526 1228; x_wconf 87' lang='lat' dir='ltr'><strong>navibus</strong></span> <span class='ocrx_word' id='word_1_97' title='bbox 551 1180 778 1227; x_wconf 87' lang='lat' dir='ltr'><strong>miserunt.</strong></span> <span class='ocrx_word' id='word_1_98' title='bbox 815 1181 908 1227; x_wconf 87' lang='lat' dir='ltr'><strong>Jam</strong></span> <span class='ocrx_word' id='word_1_99' title='bbox 930 1181 1090 1227; x_wconf 81' lang='lat' dir='ltr'><strong>Livius</strong></span> <span class='ocrx_word' id='word_1_100' title='bbox 1108 1199 1131 1227; x_wconf 90' lang='lat' dir='ltr'><strong>a</strong></span> <span class='ocrx_word' id='word_1_101' title='bbox 1150 1184 1288 1231; x_wconf 86' lang='lat' dir='ltr'><strong>Canis</strong></span> <span class='ocrx_word' id='word_1_102' title='bbox 1309 1203 1413 1233; x_wconf 85' lang='lat' dir='ltr'><strong>cum</strong></span> 
     </span>
     <span class='ocr_line' id='line_1_16' title="bbox 126 1254 1418 1320; baseline 0.002 -18"><span class='ocrx_word' id='word_1_103' title='bbox 126 1255 310 1317; x_wconf 83' lang='lat' dir='ltr'><strong>triginta</strong></span> <span class='ocrx_word' id='word_1_104' title='bbox 338 1255 528 1301; x_wconf 86' lang='lat' dir='ltr'><strong>navibus</strong></span> <span class='ocrx_word' id='word_1_105' title='bbox 555 1257 603 1302; x_wconf 64' lang='grc' dir='ltr'><strong>ὅ(</strong></span> <span class='ocrx_word' id='word_1_106' title='bbox 623 1254 787 1316; x_wconf 79' lang='lat' dir='ltr'><strong>septem</strong></span> <span class='ocrx_word' id='word_1_107' title='bbox 809 1254 1163 1317; x_wconf 79' lang='lat' dir='ltr'><strong>quadriremibus</strong></span> <span class='ocrx_word' id='word_1_108' title='bbox 1179 1293 1194 1314; x_wconf 94' lang='lat'><em>,</em></span> <span class='ocrx_word' id='word_1_109' title='bbox 1219 1275 1325 1320; x_wconf 83' lang='lat' dir='ltr'><strong>quas</strong></span> <span class='ocrx_word' id='word_1_110' title='bbox 1346 1259 1418 1305; x_wconf 47' lang='lat' dir='ltr'><strong>sed</strong></span> 
     </span>
     <span class='ocr_line' id='line_1_17' title="bbox 130 1327 1416 1394; baseline 0.003 -20"><span class='ocrx_word' id='word_1_111' title='bbox 130 1344 238 1375; x_wconf 88' lang='lat' dir='ltr'><strong>cum</strong></span> <span class='ocrx_word' id='word_1_112' title='bbox 268 1331 491 1374; x_wconf 76' lang='lat' dir='ltr'><strong>Eumenes</strong></span> <span class='ocrx_word' id='word_1_113' title='bbox 518 1344 597 1373; x_wconf 83' lang='lat' dir='ltr'><strong>rex</strong></span> <span class='ocrx_word' id='word_1_114' title='bbox 620 1328 885 1382; x_wconf 75' lang='lat' dir='ltr'><strong>adduxerat,</strong></span> <span class='ocrx_word' id='word_1_115' title='bbox 920 1327 1263 1391; x_wconf 83' lang='lat' dir='ltr'><strong>Hellespontum</strong></span> <span class='ocrx_word' id='word_1_116' title='bbox 1286 1345 1416 1394; x_wconf 82' lang='lat' dir='ltr'><strong>pete-</strong></span> 
     </span>
     <span class='ocr_line' id='line_1_18' title="bbox 129 1400 1418 1464; baseline 0.004 -18"><span class='ocrx_word' id='word_1_117' title='bbox 129 1400 234 1455; x_wconf 83' lang='lat' dir='ltr'><strong>bat;</strong></span> <span class='ocrx_word' id='word_1_118' title='bbox 269 1412 319 1446; x_wconf 86' lang='lat' dir='ltr'><strong>ut</strong></span> <span class='ocrx_word' id='word_1_119' title='bbox 349 1401 405 1446; x_wconf 88' lang='lat' dir='ltr'><strong>ad</strong></span> <span class='ocrx_word' id='word_1_120' title='bbox 435 1400 666 1446; x_wconf 75' lang='lat' dir='ltr'><strong>transitum</strong></span> <span class='ocrx_word' id='word_1_121' title='bbox 697 1400 948 1458; x_wconf 84' lang='lat' dir='ltr'><strong>exercitus,</strong></span> <span class='ocrx_word' id='word_1_122' title='bbox 977 1417 1112 1464; x_wconf 88' lang='lat' dir='ltr'><strong>quem</strong></span> <span class='ocrx_word' id='word_1_123' title='bbox 1147 1414 1263 1450; x_wconf 89' lang='lat' dir='ltr'><strong>terra</strong></span> <span class='ocrx_word' id='word_1_124' title='bbox 1300 1422 1418 1451; x_wconf 87' lang='lat' dir='ltr'><strong>ven-</strong></span> 
     </span>
     <span class='ocr_line' id='line_1_19' title="bbox 130 1472 1417 1536; baseline 0.004 -16"><span class='ocrx_word' id='word_1_125' title='bbox 130 1485 279 1520; x_wconf 74' lang='lat' dir='ltr'><strong>turum</strong></span> <span class='ocrx_word' id='word_1_126' title='bbox 314 1472 610 1535; x_wconf 72' lang='lat' dir='ltr'><strong>opinabatur,</strong></span> <span class='ocrx_word' id='word_1_127' title='bbox 644 1483 940 1534; x_wconf 63' lang='lat' dir='ltr'><strong>praepararet,</strong></span> <span class='ocrx_word' id='word_1_128' title='bbox 975 1489 1077 1534; x_wconf 86' lang='lat' dir='ltr'><strong>quae</strong></span> <span class='ocrx_word' id='word_1_129' title='bbox 1113 1490 1227 1536; x_wconf 87' lang='lat' dir='ltr'><strong>opus</strong></span> <span class='ocrx_word' id='word_1_130' title='bbox 1265 1477 1417 1524; x_wconf 76' lang='lat' dir='ltr'><strong>ess&#39;ent.</strong></span> 
     </span>
     <span class='ocr_line' id='line_1_20' title="bbox 114 1545 1418 1611; baseline 0.003 -20"><span class='ocrx_word' id='word_1_131' title='bbox 114 1548 182 1592; x_wconf 56' lang='lat' dir='ltr'><strong>‘In</strong></span> <span class='ocrx_word' id='word_1_132' title='bbox 212 1557 417 1608; x_wconf 87' lang='lat' dir='ltr'><strong>portum,</strong></span> <span class='ocrx_word' id='word_1_133' title='bbox 450 1561 583 1607; x_wconf 86' lang='lat' dir='ltr'><strong>quem</strong></span> <span class='ocrx_word' id='word_1_134' title='bbox 606 1558 778 1591; x_wconf 87' lang='lat' dir='ltr'><strong>vocant</strong></span> <span class='ocrx_word' id='word_1_135' title='bbox 805 1545 1076 1591; x_wconf 75' lang='lat' dir='ltr'><strong>Achaeorum</strong></span> <span class='ocrx_word' id='word_1_136' title='bbox 1092 1581 1105 1604; x_wconf 87' lang='lat'>‚</span> <span class='ocrx_word' id='word_1_137' title='bbox 1128 1546 1302 1593; x_wconf 79' lang='lat' dir='ltr'><strong>classem</strong></span> <span class='ocrx_word' id='word_1_138' title='bbox 1321 1550 1418 1611; x_wconf 86' lang='lat' dir='ltr'><strong>pri-</strong></span> 
     </span>
     <span class='ocr_line' id='line_1_21' title="bbox 132 1617 1419 1686; baseline 0.005 -21"><span class='ocrx_word' id='word_1_139' title='bbox 132 1637 256 1666; x_wconf 87' lang='lat' dir='ltr'><strong>mum</strong></span> <span class='ocrx_word' id='word_1_140' title='bbox 295 1619 504 1665; x_wconf 82' lang='lat' dir='ltr'><strong>advertit.</strong></span> <span class='ocrx_word' id='word_1_141' title='bbox 537 1618 640 1665; x_wconf 89' lang='lat' dir='ltr'><strong>inde</strong></span> <span class='ocrx_word' id='word_1_142' title='bbox 676 1618 800 1664; x_wconf 85' lang='lat' dir='ltr'><strong>Ilium</strong></span> <span class='ocrx_word' id='word_1_143' title='bbox 841 1617 1070 1678; x_wconf 85' lang='lat' dir='ltr'><strong>ascendit,</strong></span> <span class='ocrx_word' id='word_1_144' title='bbox 1104 1619 1419 1686; x_wconf 79' lang='lat' dir='ltr'><strong>sacrificioque</strong></span> 
     </span>
     <span class='ocr_line' id='line_1_22' title="bbox 133 1691 1418 1757; baseline 0.003 -18"><span class='ocrx_word' id='word_1_145' title='bbox 133 1694 356 1740; x_wconf 70' lang='lat' dir='ltr'><strong>Minervae</strong></span> <span class='ocrx_word' id='word_1_146' title='bbox 391 1691 534 1752; x_wconf 69' lang='lat' dir='ltr'><strong>fastO,</strong></span> <span class='ocrx_word' id='word_1_147' title='bbox 560 1693 807 1757; x_wconf 85' lang='lat' dir='ltr'><strong>legationes</strong></span> <span class='ocrx_word' id='word_1_148' title='bbox 847 1693 1057 1740; x_wconf 82' lang='lat' dir='ltr'><strong>finitimas</strong></span> <span class='ocrx_word' id='word_1_149' title='bbox 1088 1695 1142 1740; x_wconf 90' lang='lat' dir='ltr'><strong>ab</strong></span> <span class='ocrx_word' id='word_1_150' title='bbox 1180 1695 1382 1743; x_wconf 82' lang='lat' dir='ltr'><strong>Elaeunte</strong></span> <span class='ocrx_word' id='word_1_151' title='bbox 1402 1733 1418 1756; x_wconf 90' lang='lat'>,</span> 
     </span>
     <span class='ocr_line' id='line_1_23' title="bbox 134 1767 1425 1826; baseline 0.002 -10"><span class='ocrx_word' id='word_1_152' title='bbox 134 1770 185 1816; x_wconf 68' lang='grc' dir='ltr'><strong>ὅ(</strong></span> <span class='ocrx_word' id='word_1_153' title='bbox 205 1767 449 1825; x_wconf 83' lang='lat' dir='ltr'><strong>Dardano,</strong></span> <span class='ocrx_word' id='word_1_154' title='bbox 474 1771 522 1815; x_wconf 88' lang='lat'>&amp;</span> <span class='ocrx_word' id='word_1_155' title='bbox 544 1770 745 1815; x_wconf 80' lang='lat' dir='ltr'><strong>Rhoeteo</strong></span> <span class='ocrx_word' id='word_1_156' title='bbox 760 1805 774 1826; x_wconf 73' lang='lat'><em>‚</em></span> <span class='ocrx_word' id='word_1_157' title='bbox 790 1770 1012 1817; x_wconf 84' lang='lat' dir='ltr'><strong>tradentes</strong></span> <span class='ocrx_word' id='word_1_158' title='bbox 1036 1769 1080 1815; x_wconf 91' lang='lat' dir='ltr'><strong>in</strong></span> <span class='ocrx_word' id='word_1_159' title='bbox 1103 1768 1235 1816; x_wconf 76' lang='lat' dir='ltr'><strong>fidem</strong></span> <span class='ocrx_word' id='word_1_160' title='bbox 1260 1772 1425 1825; x_wconf 15' lang='lat' dir='ltr'><strong>civita-A</strong></span> 
     </span>
     <span class='ocr_line' id='line_1_24' title="bbox 134 1839 1422 1904; baseline 0.004 -19"><span class='ocrx_word' id='word_1_161' title='bbox 134 1852 201 1886; x_wconf 83' lang='lat' dir='ltr'><strong>tes</strong></span> <span class='ocrx_word' id='word_1_162' title='bbox 222 1839 341 1898; x_wconf 77' lang='lat' dir='ltr'><strong>suas,</strong></span> <span class='ocrx_word' id='word_1_163' title='bbox 369 1841 559 1904; x_wconf 83' lang='lat' dir='ltr'><strong>benigne</strong></span> <span class='ocrx_word' id='word_1_164' title='bbox 586 1841 774 1889; x_wconf 83' lang='lat' dir='ltr'><strong>audivit.</strong></span> <span class='ocrx_word' id='word_1_165' title='bbox 810 1841 914 1886; x_wconf 87' lang='lat' dir='ltr'><strong>Inde</strong></span> <span class='ocrx_word' id='word_1_166' title='bbox 934 1842 989 1886; x_wconf 89' lang='lat' dir='ltr'><strong>ad</strong></span> <span class='ocrx_word' id='word_1_167' title='bbox 1010 1841 1291 1904; x_wconf 81' lang='lat' dir='ltr'><strong>Hellesponti</strong></span> <span class='ocrx_word' id='word_1_168' title='bbox 1318 1843 1422 1890; x_wconf 82' lang='lat' dir='ltr'><strong>sau-</strong></span> 
     </span>
     <span class='ocr_line' id='line_1_25' title="bbox 133 1913 1429 1978; baseline 0.002 -17"><span class='ocrx_word' id='word_1_169' title='bbox 133 1930 207 1961; x_wconf 88' lang='lat' dir='ltr'><strong>ces</strong></span> <span class='ocrx_word' id='word_1_170' title='bbox 233 1913 442 1975; x_wconf 80' lang='lat' dir='ltr'><strong>navigat3</strong></span> <span class='ocrx_word' id='word_1_171' title='bbox 476 1915 553 1967; x_wconf 87' lang='lat'><strong>&amp;‚</strong></span> <span class='ocrx_word' id='word_1_172' title='bbox 584 1913 736 1959; x_wconf 88' lang='lat' dir='ltr'><strong>decem</strong></span> <span class='ocrx_word' id='word_1_173' title='bbox 768 1913 958 1978; x_wconf 83' lang='lat' dir='ltr'><strong>navibus</strong></span> <span class='ocrx_word' id='word_1_174' title='bbox 988 1914 1034 1959; x_wconf 91' lang='lat' dir='ltr'><strong>in</strong></span> <span class='ocrx_word' id='word_1_175' title='bbox 1073 1914 1265 1962; x_wconf 86' lang='lat' dir='ltr'><strong>statione</strong></span> <span class='ocrx_word' id='word_1_176' title='bbox 1301 1929 1429 1963; x_wconf 82' lang='lat' dir='ltr'><strong>cou-&#39;</strong></span> 
     </span>
     <span class='ocr_line' id='line_1_26' title="bbox 136 1985 1422 2050; baseline 0.002 -17"><span class='ocrx_word' id='word_1_177' title='bbox 136 1998 202 2033; x_wconf 80' lang='lat' dir='ltr'><strong>tra</strong></span> <span class='ocrx_word' id='word_1_178' title='bbox 232 1987 450 2050; x_wconf 87' lang='lat' dir='ltr'><strong>Abydum</strong></span> <span class='ocrx_word' id='word_1_179' title='bbox 480 1986 640 2032; x_wconf 72' lang='lat' dir='ltr'><strong>reliffis</strong></span> <span class='ocrx_word' id='word_1_180' title='bbox 660 2021 673 2043; x_wconf 93' lang='lat'>‚</span> <span class='ocrx_word' id='word_1_181' title='bbox 709 1999 854 2032; x_wconf 86' lang='lat' dir='ltr'><strong>cetera</strong></span> <span class='ocrx_word' id='word_1_182' title='bbox 882 1985 1010 2032; x_wconf 82' lang='lat' dir='ltr'><strong>claffe</strong></span> <span class='ocrx_word' id='word_1_183' title='bbox 1040 1986 1085 2031; x_wconf 93' lang='lat' dir='ltr'><strong>in</strong></span> <span class='ocrx_word' id='word_1_184' title='bbox 1106 1989 1334 2050; x_wconf 85' lang='lat' dir='ltr'><strong>Europam</strong></span> <span class='ocrx_word' id='word_1_185' title='bbox 1364 1989 1422 2036; x_wconf 81' lang='lat' dir='ltr'><strong>ad</strong></span> 
     </span>
     <span class='ocr_line' id='line_1_27' title="bbox 137 2059 1424 2123; baseline 0.002 -17"><span class='ocrx_word' id='word_1_186' title='bbox 137 2059 310 2106; x_wconf 81' lang='lat' dir='ltr'><strong>Sestum</strong></span> <span class='ocrx_word' id='word_1_187' title='bbox 336 2061 686 2123; x_wconf 85' lang='lat' dir='ltr'><strong>oppugnandam</strong></span> <span class='ocrx_word' id='word_1_188' title='bbox 714 2059 901 2118; x_wconf 73' lang='lat' dir='ltr'><strong>trajecit.</strong></span> <span class='ocrx_word' id='word_1_189' title='bbox 926 2061 1021 2106; x_wconf 90' lang='lat' dir='ltr'><strong>Jam</strong></span> <span class='ocrx_word' id='word_1_190' title='bbox 1045 2060 1332 2109; x_wconf 83' lang='lat' dir='ltr'><strong>subeuntibus</strong></span> <span class='ocrx_word' id='word_1_191' title='bbox 1353 2080 1424 2109; x_wconf 86' lang='lat' dir='ltr'><strong>ar-</strong></span> 
     </span>
     <span class='ocr_line' id='line_1_28' title="bbox 139 2131 1423 2194; baseline 0.002 -16"><span class='ocrx_word' id='word_1_192' title='bbox 139 2132 269 2178; x_wconf 82' lang='lat' dir='ltr'><strong>matis</strong></span> <span class='ocrx_word' id='word_1_193' title='bbox 297 2149 451 2180; x_wconf 87' lang='lat' dir='ltr'><strong>muros</strong></span> <span class='ocrx_word' id='word_1_194' title='bbox 486 2132 663 2179; x_wconf 78' lang='lat' dir='ltr'><strong>fanatici</strong></span> <span class='ocrx_word' id='word_1_195' title='bbox 691 2132 811 2178; x_wconf 85' lang='lat' dir='ltr'><strong>Galli</strong></span> <span class='ocrx_word' id='word_1_196' title='bbox 844 2131 1040 2194; x_wconf 90' lang='lat' dir='ltr'><strong>primum</strong></span> <span class='ocrx_word' id='word_1_197' title='bbox 1072 2150 1175 2179; x_wconf 88' lang='lat' dir='ltr'><strong>cum</strong></span> <span class='ocrx_word' id='word_1_198' title='bbox 1215 2134 1423 2181; x_wconf 83' lang='lat' dir='ltr'><strong>sollemni</strong></span> 
     </span>
     <span class='ocr_line' id='line_1_29' title="bbox 138 2204 1421 2267; baseline 0.005 -16"><span class='ocrx_word' id='word_1_199' title='bbox 138 2204 296 2257; x_wconf 79' lang='lat' dir='ltr'><strong>habitu</strong></span> <span class='ocrx_word' id='word_1_200' title='bbox 312 2217 413 2251; x_wconf 85' lang='lat' dir='ltr'><strong>ante</strong></span> <span class='ocrx_word' id='word_1_201' title='bbox 434 2218 609 2267; x_wconf 88' lang='lat' dir='ltr'><strong>portam</strong></span> <span class='ocrx_word' id='word_1_202' title='bbox 628 2219 888 2254; x_wconf 86' lang='lat' dir='ltr'><strong>occurrunt.</strong></span> <span class='ocrx_word' id='word_1_203' title='bbox 908 2209 929 2255; x_wconf 92' lang='lat' dir='ltr'>J</span> <span class='ocrx_word' id='word_1_204' title='bbox 933 2207 1028 2253; x_wconf 83' lang='lat' dir='ltr'><strong>uffu</strong></span> <span class='ocrx_word' id='word_1_205' title='bbox 1041 2207 1082 2253; x_wconf 86' lang='lat' dir='ltr'><strong>se</strong></span> <span class='ocrx_word' id='word_1_206' title='bbox 1099 2209 1249 2255; x_wconf 85' lang='lat' dir='ltr'><strong>matris</strong></span> <span class='ocrx_word' id='word_1_207' title='bbox 1263 2209 1421 2257; x_wconf 71' lang='lat' dir='ltr'><strong>Deum</strong></span> 
     </span>
     <span class='ocr_line' id='line_1_30' title="bbox 139 2277 1425 2343; baseline 0.002 -18"><span class='ocrx_word' id='word_1_208' title='bbox 139 2277 334 2325; x_wconf 83' lang='lat' dir='ltr'><strong>famulos</strong></span> <span class='ocrx_word' id='word_1_209' title='bbox 355 2279 466 2325; x_wconf 81' lang='lat' dir='ltr'><strong>Deae</strong></span> <span class='ocrx_word' id='word_1_210' title='bbox 483 2278 639 2325; x_wconf 85' lang='lat' dir='ltr'><strong>venire</strong></span> <span class='ocrx_word' id='word_1_211' title='bbox 657 2293 934 2338; x_wconf 83' lang='lat' dir='ltr'><strong>memorant,</strong></span> <span class='ocrx_word' id='word_1_212' title='bbox 954 2282 1007 2327; x_wconf 88' lang='lat' dir='ltr'><strong>ad</strong></span> <span class='ocrx_word' id='word_1_213' title='bbox 1031 2281 1304 2343; x_wconf 85' lang='lat' dir='ltr'><strong>precandum</strong></span> <span class='ocrx_word' id='word_1_214' title='bbox 1323 2285 1425 2328; x_wconf 73' lang='lat' dir='ltr'><strong>Ro-</strong></span> 
     </span>
     <span class='ocr_line' id='line_1_31' title="bbox 141 2352 1424 2416; baseline 0.002 -19"><span class='ocrx_word' id='word_1_215' title='bbox 141 2363 323 2397; x_wconf 82' lang='lat' dir='ltr'><strong>manum</strong></span> <span class='ocrx_word' id='word_1_216' title='bbox 339 2385 353 2407; x_wconf 90' lang='lat'><strong>‚</strong></span> <span class='ocrx_word' id='word_1_217' title='bbox 384 2362 433 2396; x_wconf 86' lang='lat' dir='ltr'><strong>ut</strong></span> <span class='ocrx_word' id='word_1_218' title='bbox 458 2364 658 2412; x_wconf 88' lang='lat' dir='ltr'><strong>parceret</strong></span> <span class='ocrx_word' id='word_1_219' title='bbox 683 2352 908 2398; x_wconf 85' lang='lat' dir='ltr'><strong>moenibus</strong></span> <span class='ocrx_word' id='word_1_220' title='bbox 934 2353 1136 2416; x_wconf 85' lang='lat' dir='ltr'><strong>urbique.</strong></span> <span class='ocrx_word' id='word_1_221' title='bbox 1171 2354 1320 2400; x_wconf 74' lang='lat' dir='ltr'><strong>Nemo</strong></span> <span class='ocrx_word' id='word_1_222' title='bbox 1341 2370 1424 2399; x_wconf 90' lang='lat' dir='ltr'><strong>eo-</strong></span> 
     </span>
    </p>
   </div>
   <div class='ocr_carea' id='block_1_3' title="bbox 141 2423 1427 2552">
    <p class='ocr_par' dir='ltr' id='par_1_3' title="bbox 141 2423 1427 2552">
     <span class='ocr_line' id='line_1_32' title="bbox 141 2423 1427 2488; baseline 0.004 -18"><span class='ocrx_word' id='word_1_223' title='bbox 141 2441 241 2470; x_wconf 81' lang='lat' dir='ltr'><strong>rum</strong></span> <span class='ocrx_word' id='word_1_224' title='bbox 271 2423 469 2471; x_wconf 81' lang='lat' dir='ltr'><strong>violatus</strong></span> <span class='ocrx_word' id='word_1_225' title='bbox 494 2423 582 2470; x_wconf 89' lang='lat' dir='ltr'><strong>est:</strong></span> <span class='ocrx_word' id='word_1_226' title='bbox 613 2441 722 2470; x_wconf 85' lang='lat' dir='ltr'><strong>mox</strong></span> <span class='ocrx_word' id='word_1_227' title='bbox 745 2425 986 2479; x_wconf 81' lang='lat' dir='ltr'><strong>universus</strong></span> <span class='ocrx_word' id='word_1_228' title='bbox 1007 2426 1183 2474; x_wconf 71' lang='lat' dir='ltr'><strong>senatus</strong></span> <span class='ocrx_word' id='word_1_229' title='bbox 1203 2444 1304 2475; x_wconf 85' lang='lat' dir='ltr'><strong>curn</strong></span> <span class='ocrx_word' id='word_1_230' title='bbox 1325 2443 1427 2488; x_wconf 64' lang='lat' dir='ltr'><strong>ma:</strong></span> 
     </span>
     <span class='ocr_line' id='line_1_33' title="bbox 209 2498 1175 2552; baseline 0.003 -11"><span class='ocrx_word' id='word_1_231' title='bbox 209 2498 259 2542; x_wconf 83' lang='lat' dir='ltr'><strong>T.</strong></span> <span class='ocrx_word' id='word_1_232' title='bbox 290 2499 380 2546; x_wconf 62' lang='lat' dir='ltr'><strong>Liv.</strong></span> <span class='ocrx_word' id='word_1_233' title='bbox 408 2501 507 2546; x_wconf 82' lang='lat' dir='ltr'><strong>Vol.</strong></span> <span class='ocrx_word' id='word_1_234' title='bbox 537 2499 619 2550; x_wconf 78' lang='lat' dir='ltr'><strong>VI.</strong></span> <span class='ocrx_word' id='word_1_235' title='bbox 1155 2500 1175 2552; x_wconf 83' lang='grc' dir='ltr'>Ι</span> 
     </span>
    </p>
   </div>
  </div>
 </body>
</html>
