1618 2715
230 118 790 169 HISTORIARUM
822 117 948 164 ΜΒ.
983 116 1206 166 XXXVI.
1308 129 1372 185 75'

86 239 179 291 'ope
203 229 416 291 parabant
434 227 473 274 se
493 229 549 274 ad
575 228 732 274 urbem
759 226 1109 273 defendendam:
1137 228 1187 273 δέ
1217 243 1295 273 rex
1316 227 1375 273 ab

87 299 217 346 omni
234 313 356 362 parte
389 299 516 346 simul
546 316 807 362 oppugnare
832 299 1004 344 moenia
1029 299 1091 344 est
1119 299 1373 362 aggreffiisg,

89 376 141 422 ὃ(
159 411 172 432 ,
200 388 249 421 ut
269 375 347 436 qui
378 374 477 420 satis
504 375 774 436 intelligeret
793 409 806 429 ‚
843 374 1019 435 (neque
1043 371 1164 418 enim
1189 372 1375 418 dubium

87 447 214 506 erat)
246 446 291 491 in
313 458 479 491 eventu
501 443 595 505 ejus
622 445 744 491 urbis
775 445 967 506 politum
998 444 1107 500 effe,
1129 459 1263 506 quam
1283 443 1377 504 pri-

87 535 207 565 mam
229 518 446 581 aggreffus
480 518 610 576 effer,
647 529 722 564 aut
750 516 895 579 sperni
930 517 1089 563 deinde
1111 517 1165 562 ab
1186 516 1378 561 univer-

88 592 132 640 {a
153 604 281 656 gente
299 592 637 644 Thessalorum,
667 603 742 638 aut
763 591 910 638 timeri
930 590 972 637 se
992 627 1006 650 ‚
1038 606 1221 636 omnem
1242 588 1377 635 undi-

87 681 177 727 que
196 677 413 710 terrorem
432 662 611 710 obseffis
631 663 797 725 injecit.
834 661 1031 708 Primum
1052 662 1266 723 impetum
1289 677 1379 723 op-

87 737 379 800 pugnationis
397 736 497 784 satis
515 737 771 783 constanter
790 735 1111 782 sustinuerunt:
1131 734 1257 791 dein,
1273 750 1378 780 cum

88 809 222 856 multi
257 821 595 874 propugnantes
626 810 858 864 caderent,
893 819 968 853 aut
1000 806 1379 864 vulnerarentur,

88 882 239 929 labare
275 883 415 929 animi
439 899 632 944 coepere.
671 881 897 928 Revocati
932 880 1092 926 deinde
1127 878 1381 943 castigatio-

89 954 222 1002 nibus
250 956 504 1018 principum
535 955 590 1001 ad
618 953 995 1017 perseverandum
1030 953 1076 997 in
1110 952 1378 1013 proposito,

86 1028 247 1074 reliclo
281 1029 506 1074 exteriore
548 1027 723 1073 circulo
757 1025 905 1081 muri,
944 1022 1255 1070 deficientibus
1288 1023 1378 1084 jam

89 1099 262 1162 copiis,
296 1101 343 1146 in
376 1099 636 1147 interiorem
669 1111 839 1162 partem
872 1098 996 1144 urbis
1032 1097 1379 1153 concefl'erunt3

89 1174 165 1221 cui
208 1175 398 1221 brevior
439 1173 576 1220 orbis<
608 1172 879 1220 munitionis
923 1171 1232 1233 circumjeclus
1272 1187 1378 1220 erat.

89 1246 323 1309 postremo
357 1247 465 1293 vieti
493 1247 618 1294 malis
638 1283 651 1304 ‚
685 1264 786 1294 cum
807 1245 1045 1304 timerent,
1078 1246 1212 1292 nevi
1238 1247 1378 1308 captis

90 1318 217 1365 nulla
249 1320 367 1383 apud
397 1320 620 1367 victorem
652 1319 788 1366 venia
816 1318 946 1375 effet‚
978 1318 1243 1365 dediderunt
1278 1319 1381 1366 sese.

89 1391 220 1437 Nihil
235 1391 338 1436 inde
358 1403 558 1435 moratus
576 1406 676 1447 reX‚
694 1404 892 1452 quatuor
913 1390 1053 1436 millia
1073 1404 1350 1436 armatorum
1365 1427 1380 1445 ,

89 1465 197 1511 dum
231 1481 385 1512 recens
415 1477 563 1511 terror
590 1464 726 1520 efi'et,
763 1464 1013 1509 Scotussam
1040 1464 1168 1511 misit.
1204 1480 1286 1510 nec
1315 1464 1380 1509 ibi

88 1553 220 1583 mora
253 1537 492 1583 deditionis
523 1536 585 1583 est
608 1535 719 1582 faeta
736 1570 750 1591 ‚
781 1536 1065 1582 cernentibus
1088 1537 1377 1583 Pheraeorum

88 1626 245 1656 recens
279 1610 561 1672 exemplum:
598 1609 711 1671 qui,
744 1609 868 1671 quod
906 1609 1193 1671 pertinaciter
1225 1610 1378 1672 primo

87 1681 358 1740 abnuerant,
391 1681 512 1728 malo
533 1681 695 1727 domiti
713 1680 893 1726 tandem
913 1679 1128 1728 fecissent.
1161 1698 1262 1727 cum
1283 1681 1378 1743 ipsa

87 1755 198 1801 urbe
212 1755 529 1818 Hippolochus
545 1755 943 1817 Lariffaeorumque
962 1755 1159 1802 deditum
1181 1756 1241 1802 est
1261 1773 1382 1818 prae-

86 1828 263 1875 fidium.
298 1829 478 1875 Dimiffi
499 1829 554 1875 ab
579 1845 681 1891 rege
702 1827 917 1874 inviolati
936 1844 1116 1884 omnes;
1141 1829 1266 1893 quod
1281 1845 1378 1874 earn

87 1917 181 1947 rem
209 1901 357 1963 magni
387 1901 609 1946 momenti
641 1900 838 1947 fiituram
870 1917 950 1947 rex
977 1902 1033 1948 ad
1061 1901 1378 1949 conciliandos

88 1973 398 2021 Larifl‘aeorum
429 1974 605 2020 animos
637 1974 859 2020 credebat.

154 2046 213 2092 X.
246 2047 365 2099 Intra
394 2046 615 2092 decimum
638 2045 783 2102 diem,
804 2061 938 2108 quam
969 2043 1131 2090 Pheras
1161 2053 1376 2097 venerat,

87 2119 159 2166 his
179 2119 381 2182 perfectis
397 2156 411 2178 ‚
432 2120 715 2178 Cranonem,
737 2117 965 2181 profe&us
990 2136 1093 2165 cum
1115 2130 1218 2164 toto
1242 2134 1374 2163 exer-

87 2192 210 2251 citu,
239 2193 387 2255 primo
416 2194 614 2240 adventu
645 2193 778 2256 cepit.
815 2192 920 2239 inde
939 2193 1183 2256 Cypaeram
1205 2193 1253 2238 &
1274 2193 1376 2237 Me-

88 2267 331 2328 tropolim‚
350 2268 399 2313 &
418 2266 471 2313 iis
488 2267 772 2328 circumjecta
793 2265 969 2313 castella
990 2266 1182 2327 recepit3
1202 2264 1377 2310 omnia·-

90 2354 180 2400 que
212 2337 300 2399 jam
330 2340 527 2403 regionis
555 2339 678 2400 ejus,
709 2353 873 2401 praeter
890 2342 1094 2385 Atracem
1120 2340 1171 2384 &
1195 2339 1377 2401 Gyrto-

91 2427 193 2458 nem
204 2446 219 2471 ,
237 2411 284 2461 in
300 2413 517 2477 potestate
535 2425 676 2462 erant.
694 2413 818 2462 Tum
837 2411 1018 2477 aggredi
1035 2409 1244 2459 Larissam
1263 2425 1376 2464 con:
