1618 2715
265 107 802 155 HISTORIARUM
839 109 968 155 LIB.
1003 107 1225 157 XXXVI.
1323 121 1381 172 93

109 209 194 270 Ap.
217 206 459 254 Claudium
489 205 718 269 opposuit.
751 207 926 252 Horum
954 221 1119 268 magno
1145 205 1385 252 certamine

108 283 227 330 :intra
247 297 416 345 paucos
440 281 531 328 dies
556 293 700 327 turres
715 317 729 339 ‚
744 279 1010 342 arietesque,
1041 281 1091 325 &
1108 280 1218 326 alius
1236 279 1388 326 omnis

110 366 346 416 apparatus
383 356 783 416 oppugnandarum
820 351 997 397 urbium
1037 351 1282 414 perficitur.
1331 354 1388 398 Et

109 445 212 475 cum
241 443 342 490 ager
361 427 686 485 Heracleensis,
708 426 898 489 paluster
922 426 1070 472 omnis
1094 425 1389 489 frequensque

109 501 606 563 proceris'arboribus,
635 500 826 563 benigne
854 498 910 544 ad
942 514 1079 544 omne
1109 515 1247 561 genus
1274 515 1389 560 ope-

110 590 211 619 rum
238 573 467 620 materiam
490 573 819 635 suppeditabat:
850 584 973 628 tum,
1005 571 1108 633 quia
1138 570 1391 634 refugerant

111 646 229 692 intra
257 648 426 693 moenia
449 646 590 693 AEtoli
610 681 623 703 ‚
649 646 841 703 deserta,
872 661 973 707 quae
992 643 1039 690 in
1068 644 1294 692 vestibulo
1314 661 1391 691 ur-

109 719 182 767 bis
203 732 327 766 erant
343 756 357 778 ,
389 721 502 768 tecta
532 721 580 766 in
603 721 755 768 varios
786 718 885 767 usus
908 734 1002 764 non
1029 718 1149 781 tigna
1177 718 1318 764 modo
1339 719 1390 765 &

111 793 282 840 tabulas
298 828 312 850 ,
342 792 415 838 sed
440 792 623 838 laterem
642 786 825 855 quoque
841 826 856 850 ,
885 792 935 839 &
962 803 1201 851 caementa,
1219 791 1269 837 &
1291 789 1391 836 saxa

111 865 264 913 variae‘
278 864 597 927 magnitudinis
614 899 629 921 ,
659 864 928 925 praebebant.

197 940 392 985 XXIII.
433 939 487 983 Et
519 937 716 983 Romani
751 936 931 999 quidem
967 935 1180 997 operibus
1215 936 1389 999 magis,

113 1027 249 1072 quam
289 1010 453 1067 armis,
489 1008 644 1056 urbem
679 1007 1023 1071 oppugnabant:
1057 1008 1197 1053 AEtoli
1232 1020 1392 1054 contra

115 1083 249 1129 armis
284 1082 326 1128 se
357 1083 605 1129 tuebantur.
642 1098 742 1128 nam
761 1116 776 1138 ‚
807 1098 909 1128 cum
939 1080 1074 1127 ariete
1105 1092 1394 1142 quaterentur

107 1158 266 1214 -muri,
304 1173 398 1203 non
436 1157 634 1219 laqueis,
668 1168 717 1202 ut
756 1156 868 1202 solet
890 1193 904 1212 ,
939 1167 1155 1217 exceptos
1197 1155 1395 1201 declina·-

114 1230 225 1278 bant
257 1231 398 1286 i&us;
433 1230 506 1276 sed
544 1230 696 1276 armati
730 1229 1012 1292 trequentes,
1054 1228 1233 1291 quidam
1272 1227 1396 1291 ignes

116 1303 273 1362 etiam,
306 1321 423 1367 quos
455 1304 686 1366 aggeribus
713 1301 975 1364 injicerent,
1005 1302 1219 1348 ferebant.
1249 1301 1396 1347 forni-

117 1393 192 1423 ces
227 1393 412 1439 quoque
444 1376 489 1422 in
514 1393 647 1423 muro
677 1387 800 1421 erant
823 1375 916 1437 apti
948 1376 1003 1421 ad
1039 1374 1395 1420 excurrendum:

111 1450 170 1495 -&
201 1449 306 1510 ipsi,
343 1466 445 1496 cum
479 1465 564 1510 pro
602 1447 759 1493 dirutis
796 1446 1034 1494 reficerent
1068 1463 1256 1503 muros,
1297 1462 1397 1493 cre-

120 1521 293 1568 briores
331 1539 408 1569 eos
432 1560 444 1578 ,
483 1535 532 1568 ut
567 1523 770 1584 pluribus
803 1533 1111 1583 erumperetur
1143 1521 1188 1565 in
1223 1518 1396 1565 hostem

121 1594 235 1641 locis
251 1631 264 1651 ,
299 1594 531 1642 faciebant.
563 1596 666 1641 Hoc
685 1594 837 1657 primis
868 1594 1024 1640 diebus
1043 1629 1058 1649 ‚
1085 1592 1189 1638 dum
1212 1592 1397 1653 integrae

123 1669 243 1714 vires
276 1682 429 1725 erant,
464 1670 512 1716 &
535 1668 786 1730 frequentes
807 1670 857 1714 &
879 1667 1066 1729 impigre
1093 1666 1319 1712 fecerunt:
1350 1665 1395 1711 in

123 1741 216 1786 dies
255 1741 442 1798 deinde,
476 1741 711 1803 pauciores
745 1742 795 1787 ὅ(
827 1739 1012 1803 segnius.
1049 1739 1259 1795 Etenim,
1294 1753 1397 1784 cum

123 1814 274 1860 multis
310 1827 571 1877 urgerentur
602 1814 734 1860 rebus
753 1850 768 1869 ,
800 1813 921 1858 nulla
946 1828 1025 1858 eos
1055 1828 1124 1858 res
1157 1827 1311 1874 aeque,
1345 1827 1396 1858 ac

125 1885 292 1948 vigiliae
315 1886 637 1940 conficiebant;
657 1885 872 1931 Romanis
891 1885 937 1930 in
955 1901 1114 1947 magna
1132 1882 1262 1945 copia
1282 1882 1398 1928 mili-

124 1970 218 2003 tum
237 1958 575 2005 succedentibus
599 1958 695 2004 aiiis
716 1957 761 2002 in
779 1956 1012 2003 stationem
1029 1957 1244 2013 aliorum,
1265 1957 1398 2002 AEto-

115 2029 196 2076 .los
226 2045 410 2092 propter
444 2031 711 2094 paucitatem
739 2029 916 2076 eosdem
946 2030 1037 2076 dies
1061 2028 1300 2091 nociesque
1329 2027 1397 2073 as-

127 2103 254 2149 fiduo
284 2104 438 2149 labore
467 2116 635 2149 urente.
670 2104 751 2148 Per
778 2115 972 2165 quatuor
1006 2104 1056 2149 &
1081 2101 1244 2166 viginti
1279 2100 1399 2157 dies,

127 2172 188 2219 ita
222 2188 272 2221 ut
305 2174 476 2220 nullum
506 2187 681 2238 tempus
717 2191 911 2221 vacuum
946 2174 1236 2221 dimicatione
1270 2173 1400 2231 effet,

127 2245 334 2293 adversus
376 2259 569 2308 quatuor
605 2263 629 2293 e
662 2247 860 2309 partibus
901 2246 1029 2292 simul
1065 2258 1402 2309 oppugnantem

129 2316 300 2364 hostem
338 2320 584 2364 nocffurnus
619 2319 781 2367 diurno
825 2320 1112 2366 continuatus
1157 2320 1286 2366 labor
1325 2318 1399 2366 est.

130 2391 250 2437 Cum
277 2390 484 2455 fatigatos
516 2391 604 2452 jam
629 2393 807 2440 AEtolos
831 2392 959 2441 sciret
987 2391 1144 2441 consul
1174 2395 1223 2442 &
1247 2408 1403 2455 expra-
