1618 2715
221 105 770 153 HISTORIARUM
805 106 932 151 LIB.
968 105 1215 152 XXXVII.
1290 122 1377 169 127

92 228 346 266 convento.
367 231 459 279 per
492 231 594 262 eum
621 213 822 261 inducias
846 210 1065 274 temporis
1092 211 1183 273 ejus
1200 247 1215 267 ‚
1250 211 1378 273 quod

92 291 330 354 petebant,
360 307 384 336 a
407 288 591 336 consule
610 288 991 350 impetraverunt:
1015 285 1092 341 &‚
1122 283 1268 330 soluta
1288 285 1377 330 ob-

92 363 264 410 fidione
282 361 545 424 Amphissae,
563 361 641 407 M’.
658 359 828 406 Acilius
840 394 854 417 ‚
868 357 1033 404 tradito
1057 355 1229 402 consuli
1249 372 1379 400 exer-

66 434 217 490 ‘citu‚
258 431 498 495 provincia
531 431 709 478 deceffit
734 448 760 475 :-
783 431 833 476 &
866 427 1023 475 consul
1062 428 1118 474 ab
1152 427 1380 490 Amphiffa

91 505 357 554 Thessaliam
385 504 571 567 repetit,
601 516 653 550 ut
677 520 756 566 per
775 501 1090 549 Macedoniam
1114 500 1380 549 Thraciam-

92 596 181 643 que
203 581 385 626 duceret
414 578 460 624 in
491 577 650 624 Afiam.
683 577 804 623 Tum
825 574 1067 621 Africanus
1099 574 1251 632 fratri,
1274 578 1378 633 Iter,

93 658 205 715 quod
234 653 382 720 insistis
400 687 413 709 ,
435 655 484 699 L·.
499 653 672 712 Scipio,
703 669 774 713 ego
793 668 947 711 quoque
972 652 1152 710 approbo
1173 668 1189 696 .·
1211 652 1294 712 fid
1309 637 1378 696 to-

91 743 180 773 tum
204 730 253 772 id
275 729 444 772 vertitur
468 728 514 770 in
533 729 744 771 voluntate
763 726 968 784 Philippi.
1007 725 1126 785 Qui,
1173 744 1187 769 ι
1207 727 1377 786 imperio

93 801 227 867 nostro
251 803 368 860 fidus
396 801 478 866 est,
517 797 561 844 ὃ·
594 800 670 844 iter
681 827 696 855 5
732 795 775 842 δ’
811 811 1088 853 commeatuS,
1128 795 1169 842 δ’
1205 800 1379 855 omnia,

93 892 179 935 quae
200 877 246 919 in
273 879 398 935 longo
429 874 572 918 itinere
600 874 800 916 exercitus
825 874 947 915 alunt
963 870 1221 930 juvantque,
1254 874 1378 917 nobis

81 946 382 1006 ficppeditabit.
409 944 452 1007 fi
474 947 512 989 is
541 945 755 1008 dssituat‚
792 945 904 987 nihil
919 962 998 1003 per
1017 946 1237 990 Thraciam
1259 944 1378 1003 satis‘

93 1037 228 1066 cutum
262 1022 438 1065 habebis.
479 1022 623 1078 Ita-que
650 1021 770 1077 prius
803 1020 909 1078 regis
941 1020 1130 1062 animum
1166 1019 1377 1078 expssorat‘i

85 1097 241 1154 placet.
285 1095 436 1153 optime
475 1093 763 1152 explorabitur
785 1124 800 1147 ,
831 1090 882 1153 st
911 1093 1024 1135 nihil
1057 1109 1108 1136 ex
1141 1088 1381 1150 praeparato

91 1180 276 1226 agentem
295 1168 515 1226 opprimet,
534 1166 605 1223 qui
624 1166 818 1208 mittetur.
836 1161 906 1208 Ti.
923 1162 1216 1223 Sempronius
1234 1164 1377 1208 Grac·

92 1236 225 1293 chus,
244 1236 377 1298 longe
399 1249 494 1282 tum
517 1235 761 1282 acerrimus
779 1233 999 1295 juvenum
1018 1236 1071 1281 ad
1093 1234 1138 1280 id
1161 1235 1376 1291 delefflus,

92 1325 174 1371 per
201 1307 437 1369 dispositos
457 1323 598 1370 equos
627 1322 770 1369 prope
793 1305 1049 1353 incredibili
1078 1306 1299 1354 celeritate
1322 1306 1377 1352 ab

95 1379 337 1442 Amphissa?
355 1380 489 1444 (inde
514 1379 635 1426 enim
662 1378 723 1424 est
751 1377 975 1441 dimifi'us)
1009 1377 1080 1423 die
1113 1377 1249 1423 tertio
1277 1376 1379 1423 Pel-

94 1452 180 1498 lam
202 1454 425 1516 pervenit.
460 1455 506 1498 ln
537 1451 763 1499 convivio
789 1468 868 1496 rex
895 1461 1010 1507 erat,
1048 1452 1096 1497 &
1120 1449 1165 1495 in
1185 1449 1379 1495 multum

94 1524 197 1571 vini
219 1525 511 1587 processerat:
533 1541 581 1571 ea
600 1523 690 1586 ipsa
709 1523 900 1572 remiffio
920 1523 1055 1569 animi
1079 1521 1378 1584 suspicionem
1398 1555 1400 1557 -

93 1598 274 1656 detrusit,
302 1613 474 1646 novare
506 1614 607 1644 eum
635 1596 882 1659 quidquam
908 1595 1038 1642 velle.
1069 1598 1123 1641 Et
1148 1606 1244 1640 tum
1273 1593 1375 1657 qui-

95 1672 195 1718 dem
218 1674 409 1720 comiter
427 1683 633 1734 acceptus
655 1670 830 1733 hospes.
856 1670 1037 1733 postero
1059 1671 1128 1716 die
1150 1686 1375 1717 commea-

96 1757 166 1791 tus
199 1745 413 1792 exercitui
440 1756 615 1808 paratos
644 1744 862 1806 benigne,
892 1759 1053 1807 pontes
1088 1745 1134 1790 in
1171 1743 1374 1790 flumini-

94 1814 176 1862 bus
202 1815 367 1874 fa&os,
390 1816 511 1873 vias,
535 1815 612 1862 ubi
640 1815 845 1862 transitus
871 1816 1075 1863 difficiles
1097 1827 1252 1874 erant,
1279 1833 1375 1861 mu-
1411 1830 1414 1832 ’

96 1886 212 1933 nitas
249 1887 379 1936 vidit.
426 1890 535 1935 Haec
570 1887 765 1934 referens
795 1888 977 1945 eadem,
1010 1905 1098 1952 qua
1129 1888 1269 1946 ierat,
1304 1905 1374 1934 ce-

95 1959 268 2008 leritate
287 1961 557 2009 Thaumacis
590 1961 794 2008 occurrit
824 1961 1012 2009 consuli.
1048 1962 1154 2007 [nde
1182 1960 1376 2008 certiore

97 2034 148 2079 δι
178 2033 350 2093 majore
380 2035 451 2097 spe
479 2036 605 2081 laetus
627 2034 851 2081 exercitus
877 2035 1199 2098 adpraeparata
1223 2034 1375 2081 onmia

97 2104 144 2150 in
175 2107 491 2154 Macedoniam
511 2107 732 2170 pervenit.
766 2108 1008 2155 Venientes
1033 2110 1157 2172 regio
1188 2125 1373 2170 appara-

96 2188 146 2222 tu
177 2178 227 2224 &
255 2179 456 2242 accepit,
491 2180 540 2226 &
567 2179 830 2241 prosecutus
863 2180 925 2227 est
945 2197 1039 2227 rex.
1081 2181 1224 2226 Multa
1247 2180 1291 2226 in
1315 2194 1372 2225 eo

96 2249 147 2295 &
175 2249 438 2306 dexteritas,
468 2253 516 2298 ὅ(
536 2250 785 2298 humanitas
812 2251 932 2309 visa,
962 2269 1061 2315 quae
1083 2251 1375 2298 commenda-

96 2321 203 2368 bilia
232 2325 351 2385 apud
372 2323 635 2371 Africanum
661 2341 784 2372 erant
804 2362 818 2383 ‚
845 2325 994 2373 virum
1015 2326 1123 2372 ficut
1144 2325 1199 2371 ad
1229 2338 1373 2372 cetera

99 2395 354 2459 egregium,
386 2398 445 2445 ita
467 2416 489 2445 a
522 2398 734 2445 comitate
753 2434 767 2459 ,
795 2413 894 2463 quae
922 2398 1012 2446 fine
1037 2399 1214 2446 luxuria
1243 2398 1376 2457 effet,
