1618 2715
175 99 300 156 „236
556 93 1119 141 TITILIVII

207 224 332 264 reas,
370 205 581 251 ducentas
621 199 859 248 duodecim
888 200 1046 262 pondo
1078 217 1089 247 ε
1115 197 1283 264 argenti
1323 199 1482 262 pondo

208 284 401 329 ducenta
425 278 585 344 viginti
612 277 750 324 millia
769 293 778 323 :
800 276 894 322 auri
913 276 1069 339 pondo
1097 277 1188 322 duo
1216 276 1356 322 millia
1376 292 1484 322 cen-

208 369 302 402 tum
332 367 420 400 tres
449 371 459 400 ε
488 351 861 398 tetradrachmum
894 349 1093 396 Atticum
1120 363 1297 396 centum
1322 348 1485 412 viginti

208 429 374 489 septem
400 425 538 472 millia
558 444 568 472 :
588 423 897 487 cistophorum
923 422 1111 468 ducenta
1133 422 1484 486 quinquaginta:

208 500 544 561 Philippeorum
575 512 813 543 aureorum
846 510 1132 540 nummorum
1165 493 1352 540 sedecim
1381 493 1485 539 mil-

209 576 266 621 lia
287 571 510 621 trecentos
542 569 733 634 viginti:
761 570 809 616 δε
830 584 948 614 arma
969 566 1202 631 spoliaque
1220 567 1358 613 multa
1376 567 1488 614 Gal-

212 649 321 706 lica,
355 644 574 709 carpentis
608 641 865 690 transve&a.
908 641 1039 688 duces
1074 639 1269 687 hostium
1307 640 1400 687 duo
1438 641 1488 687 δεῖ

209 720 534 786 quinquaginta
556 718 675 765 ducii
704 729 805 764 ante
827 733 1025 763 currum.
1058 715 1272 762 militibus
1298 710 1488 779 quadra-

209 810 348 858 genos
377 794 509 840 binos
550 791 757 838 denarios
791 789 968 847 divifit,
1004 788 1169 852 duplex
1204 788 1488 845 centurioni;

210 869 261 915 ὃς
295 866 561 929 stipendium
592 863 757 927 duplex
791 862 836 909 in
869 861 1038 925 pedites
1071 860 1217 918 dedit,
1245 859 1409 921 triplex
1442 860 1491 906 in

205 940 394 1003 equites.
414 938 549 985 Multi
572 936 776 984 omnium
797 935 1031 993 ordinum,
1051 933 1206 981 donati
1226 933 1491 980 militaribus

211 1014 368 1072 donis,
402 1029 582 1060 currum
607 1011 742 1058 secuti
768 1009 878 1056 sunt.
909 1008 1198 1071 carminaque
1225 1023 1249 1054 a
1274 1006 1492 1074 militibus

211 1104 262 1133 ea
294 1087 341 1132 in
370 1086 688 1148 imperatorem
727 1081 865 1139 dieta,
894 1094 944 1127 ut
989 1079 1118 1127 facile
1155 1089 1411 1142 appareret,
1444 1078 1493 1124 in

212 1161 373 1205 ducem
394 1159 697 1219 indulgentem
719 1151 1092 1216 ambitiosumque
1112 1170 1163 1201 ea
1193 1152 1311 1209 dici;
1334 1152 1495 1199 trium-

213 1233 353 1296 phum
387 1230 470 1277 effe
496 1227 676 1276 militari
710 1226 849 1290 magis
882 1224 1064 1283 favore,
1094 1241 1227 1287 quam
1256 1225 1494 1286 populari,

215 1305 451 1353 celebrem.
471 1304 554 1350 Sed
582 1303 636 1349 ad
655 1301 814 1364 populi
833 1315 1018 1362 quoque
1045 1296 1227 1361 gratiam
1246 1296 1497 1344 concilian-

214 1382 312 1427 dam
348 1378 479 1425 amici
516 1376 676 1423 Manlii
707 1374 959 1423 valuerunt.
996 1372 1156 1435 quibus
1193 1360 1497 1417 annitentibus

215 1449 643 1500 senatusconsultum
671 1448 833 1494 factum
860 1445 942 1504 est,
967 1450 1031 1492 Ut
1054 1462 1105 1490 ex
1124 1446 1329 1506 pecunia,
1347 1462 1432 1504 quae
1450 1445 1494 1488 irz

215 1530 422 1588 triumpho
438 1529 643 1572 translata
662 1520 751 1587 effic
765 1558 777 1580 ,
788 1522 1038 1586 stipendium
1053 1554 1066 1576 ,
1087 1522 1281 1564 collatum
1298 1534 1324 1561 a
1333 1518 1496 1576 populo

217 1604 262 1647 ΞΨΖ
276 1604 513 1663 publicum,
534 1600 645 1660 quod
658 1596 944 1656 ejusfhlutum
972 1610 1094 1639 antea
1121 1610 1206 1637 non
1225 1589 1339 1654 effet,
1356 1590 1496 1650 sblvc-

219 1690 338 1721 feriar.
359 1672 559 1718 Vicenos
578 1669 743 1731 quinos
767 1669 814 1714 ὅ(
832 1665 1018 1712 semiffes
1037 1664 1083 1710 in
1102 1662 1239 1709 millia
1257 1661 1353 1707 aeris
1371 1677 1497 1724 quae-2

219 1745 361 1792 fiores
388 1743 550 1791 urbani
572 1759 671 1789 cum
693 1739 778 1786 fide
794 1742 843 1787 &
872 1755 977 1786 cura
997 1737 1243 1784 solverunt.
1278 1736 1359 1780 Per
1380 1730 1497 1779 idem

221 1831 399 1880 tempus
430 1815 600 1862 tribuni
635 1813 824 1859 militum
862 1811 953 1858 duo
990 1827 1045 1856 ex
1078 1809 1245 1855 duabus
1277 1805 1499 1869 Hispaniis

223 1909 325 1939 cum
357 1890 496 1937 literis
516 1890 570 1936 C.
596 1886 737 1934 Atinii
763 1889 811 1933 &
831 1887 880 1932 L.
901 1883 1059 1932 Manlii
1077 1918 1089 1939 ,
1109 1882 1185 1946 qui
1213 1895 1283 1928 eas
1305 1879 1498 1942 provin-

223 1965 313 2011 cias
342 1963 610 2010 obtinebant
628 1997 640 2019 ,
661 1970 900 2007 venerunt.
928 1960 996 2004 Ex
1021 1956 1073 2002 iis
1099 1954 1237 2001 literis
1266 1952 1502 2016 cognitum

224 2039 308 2095 est,
327 2036 579 2084 Celtiberos
597 2031 916 2095 Lusitanosque
937 2030 982 2076 in
1001 2027 1134 2075 armis
1157 2027 1240 2073 effe
1255 2062 1268 2084 ,
1288 2027 1336 2072 ὅ(
1352 2024 1502 2071 socio-

225 2131 323 2161 rum
346 2129 478 2176 agros
501 2107 723 2174 populari.
754 2108 807 2153 de
832 2122 880 2152 ea
901 2121 948 2150 re
978 2099 1355 2150 consultationem
1384 2098 1501 2144 inte-

224 2205 346 2251 gram
383 2185 554 2233 senatus
593 2183 646 2230 ad
682 2197 835 2228 novos
866 2177 1140 2242 magistratus
1169 2172 1336 2235 rejecit.
1366 2171 1502 2218 Ludis
1536 2196 1543 2206 ·

225 2260 446 2308 Romanis
469 2277 525 2306 eo
550 2274 696 2314 anno,
718 2271 831 2318 quos
853 2256 897 2300 P.
917 2249 1157 2298 Cornelius
1175 2247 1398 2308 Cethegus
1413 2281 1426 2302 ‚
1447 2248 1501 2293 A.

226 2332 480 2379 Postumius
497 2329 683 2377 Albinus
706 2327 927 2374 faciebant
943 2361 955 2382 ‚
985 2323 1124 2371 malus
1147 2320 1191 2366 in
1222 2319 1345 2366 circo
1367 2317 1503 2363 insta-

212 2405 329 2453 ‘bilis
352 2405 400 2452 in
420 2405 591 2469 fignum
612 2401 845 2454 Pollentiae
865 2396 1092 2463 procidit,
1112 2405 1242 2458 atque
1264 2391 1307 2438 id
1328 2387 1502 2455 <leJecit.
