1618 2715
219 110 283 157 60
591 107 1150 155 TITILIVII

222 234 317 282 quo
335 216 506 264 censuit
521 215 762 276 Quinctius
773 252 786 272 ‚
800 214 1149 277 quingentorum
1163 211 1355 259 militum
1369 210 1505 258 Chal-

223 290 367 336 cidem
382 326 394 346 ,
414 290 767 351 quingentorum
789 287 1004 333 Piraeeum
1031 286 1260 348 extemplo
1279 283 1507 331 miserunt.

223 363 326 408 Erat
348 361 467 407 enim
493 359 611 406 haud
635 360 801 422 procul
830 358 1046 405 seditione
1074 357 1259 404 Athenis
1286 373 1379 414 res,
1414 369 1508 403 tra·-

225 435 432 480 hentibus
460 434 514 479 ad
534 432 811 479 Antiochum
831 430 1094 494 quibusdam
1113 430 1186 492 spe
1213 429 1508 493 largitionum

226 507 434 552 venalem
466 505 613 567 pretio
643 503 1011 557 multitudinem3
1048 503 1193 548 donec
1222 503 1276 548 ab
1311 501 1394 557 iis,
1428 499 1508 561 qui

227 580 446 625 Romanae
477 577 613 640 partis
648 588 774 623 erant
793 612 805 633 ‚
843 575 1081 635 Quinctius
1105 574 1166 620 est
1191 575 1358 621 accitus
1378 609 1393 629 ‚
1424 573 1472 619 ὅ(
1493 607 1509 628 ,

226 651 456 698 accusante
485 652 658 698 Leonte
686 649 882 713 quodam
896 683 909 706 ‚
929 647 1239 710 Apollodorus
1260 647 1412 691 auctor
1433 645 1510 690 de-

226 724 434 771 fefilionis
467 723 699 770 damnatus
719 758 732 780 ‚
768 735 902 785 atque
938 721 985 767 in
1011 720 1214 766 exsilium
1237 720 1298 766 est
1331 719 1509 779 ejectus.

229 800 284 844 Et
312 799 365 844 ab
395 797 569 844 Achaeis
603 796 784 859 quidem
826 811 927 841 cum
962 793 1072 840 tristi
1099 792 1312 855 responso
1344 792 1511 856 legatio

229 872 285 917 ad
314 887 459 934 regem
491 869 635 916 rediit.
666 868 826 915 Boeoti
867 867 978 913 nihil
1014 867 1123 913 certi
1161 864 1512 928 responderunt:

229 967 321 994 cum
353 948 591 993 Antiochus
621 947 667 990 in
689 946 896 990 Boeotiam
926 940 1122 1005 vetusta,
1157 958 1271 997 tum,
1304 942 1406 1000 quid
1423 939 1512 1003 sibi

221 1021 477 1079 faciundum
515 1017 638 1081 effet,
666 1019 718 1078 fi
750 1019 1043 1062 deliberaturos
1082 1013 1169 1077 effi.
1218 1012 1512 1068 Antiochus,

232 1110 337 1140 cum
362 1094 416 1138 ad
440 1091 667 1139 Chalcidis
689 1089 940 1152 praesidium
959 1124 972 1145 ,
1003 1090 1052 1135 &
1069 1087 1333 1134 Achaeos&
1351 1087 1515 1131 Eume-

232 1185 334 1214 nem
362 1183 508 1230 regem
533 1163 691 1211 mififfe
713 1163 895 1210 audisset
911 1197 924 1220 ‚
956 1160 1267 1207 maturandum
1291 1170 1408 1205 ratus
1424 1164 1517 1215 ‚iit

233 1243 283 1288 &
309 1238 613 1304 praevenirent
649 1236 738 1295 sui,
771 1237 822 1284 &
854 1235 1116 1292 venientes,
1148 1233 1179 1280 fi
1207 1231 1409 1295 possent,
1438 1248 1519 1277 ex-

234 1315 435 1377 ciperent
448 1350 462 1371 ‚
486 1313 748 1375 Menippum
771 1327 872 1358 cum
894 1309 1038 1356 tribus
1058 1307 1197 1354 ferme
1215 1304 1411 1352 millibus
1430 1304 1518 1351 mi-

233 1390 387 1446 litum,
410 1390 460 1436 δέ
478 1405 579 1434 cum
601 1385 728 1433 omni
750 1384 875 1431 class'e
897 1380 1227 1446 Polyxenidam
1248 1378 1401 1425 mittit.
1426 1377 1518 1441 ipse
1586 1423 1607 1444 ,ἵ

234 1479 402 1526 paucos
426 1460 526 1524 post
553 1458 645 1505 dies
672 1458 745 1505 sex
768 1456 909 1502 millia
934 1455 1117 1502 suorum
1137 1453 1357 1510 militum,
1385 1454 1434 1499 ὃ(
1461 1467 1519 1498 ex

233 1554 285 1583 ea
319 1535 479 1596 copia,
508 1551 607 1597 quae
632 1532 794 1578 Lamiae
821 1540 1004 1592 repente
1028 1527 1184 1591 colligi
1217 1525 1395 1589 potuit,
1421 1540 1518 1571 non

235 1609 295 1655 ita
323 1609 490 1654 multos
524 1606 699 1653 AEtolos
737 1603 873 1650 ducit.
910 1602 1063 1649 Achaei
1089 1599 1351 1662 quingenti,
1381 1598 1430 1644 &
1462 1596 1519 1642 ab

235 1684 435 1728 Eumene
467 1695 567 1741 rege
589 1677 818 1724 modicum
839 1674 1057 1722 auxilium
1077 1672 1275 1726 missum,
1294 1669 1406 1716 duce
1422 1670 1520 1715 Xe-

238 1754 420 1800 noclide
452 1749 766 1805 Chalcidensi,
804 1747 1008 1794 nondum
1040 1743 1218 1791 obseffis
1256 1741 1522 1799 itineribus,

238 1840 338 1874 tuto
370 1823 616 1888 transgreffi
636 1822 880 1884 Euripum,
911 1818 1173 1866 Chalcidem
1203 1826 1520 1879 pervenerunt.

238 1899 433 1946 Romani
465 1898 627 1945 milites
649 1932 662 1954 ,
688 1894 922 1958 quingenti
950 1893 1087 1938 ferme
1105 1893 1153 1937 &
1175 1890 1280 1952 ipsi,
1307 1906 1410 1936 cum
1431 1888 1520 1949 jam

241 1973 481 2034 Menippus
513 1971 651 2018 castra
682 1980 784 2015 ante
811 1967 1023 2030 Salganea
1044 1966 1098 2012 ad
1117 1966 1400 2017 Hermaeum,
1433 1976 1522 2023 qua

238 2044 445 2092 transitus
476 2062 531 2090 ex
563 2041 742 2090 Boeotia
776 2041 823 2086 in
852 2038 1072 2085 Euboeam
1106 2035 1291 2082 insulam
1314 2034 1406 2091 est,
1438 2033 1521 2079 ha-

241 2119 400 2176 beret,
436 2130 676 2164 venerunt.
721 2114 879 2162 Miffio
915 2125 1008 2159 erat
1045 2127 1145 2158 cum
1176 2109 1260 2165 iis,
1296 2106 1464 2169 legatus
1494 2120 1520 2151 a

242 2192 459 2238 Chalcide
478 2192 533 2238 ad
549 2189 812 2251 Quinctium
832 2224 844 2246 ‚
865 2187 919 2234 ad
937 2186 981 2231 id
1005 2184 1147 2246 ipsum
1168 2179 1420 2245 praesidium
1441 2194 1522 2238 pe-

244 2267 460 2324 tendum,
493 2265 656 2312 miffus.
703 2264 778 2327 qui
812 2260 1050 2324 postquam
1083 2256 1269 2303 obseffas
1300 2252 1355 2298 ab
1385 2250 1523 2295 hosti-

237 2339 327 2385 bus
361 2339 508 2386 fauces
538 2338 684 2393 vidit,
715 2334 875 2381 omiffo
897 2334 951 2379 ad
975 2331 1180 2378 Aulidem
1200 2328 1387 2381 itinere,
1406 2325 1522 2370 'De-

243 2411 355 2459 lium
377 2411 632 2470 convertit,
652 2422 702 2457 ut
723 2408 826 2456 inde
847 2407 893 2454 in
915 2407 1136 2452 Euboeam
1156 2397 1493 2447 transmissurus.
