1618 2715
270 126 809 178 HISTORIARUM
844 125 959 172 ΜΒ.
992 123 1219 171 xxxix.
1300 123 1386 188 283

118 250 241 298 erat,
261 253 500 286 occurrere
529 252 624 282 non
654 234 830 298 potuit,
851 235 903 280 C.
931 231 1169 278 Flaminius
1201 232 1393 277 Romam

121 314 257 361 venit.
283 314 337 360 ab
356 329 412 359 eo
438 310 572 358 creati
589 308 791 357 consules
815 308 886 369 Sp.
912 304 1162 351 Postumius
1182 304 1393 360 Albinus,

123 388 186 446 Q.
216 385 408 432 Marcius
436 383 679 444 Philippus.
706 383 922 427 Praetores
943 377 1045 424 inde
1077 376 1177 423 faffi
1200 376 1256 422 T.
1284 378 1397 422 Mae-

123 459 248 516 nius,
277 460 323 506 P.
350 456 590 504 Cornelius
618 453 763 511 Sulla,
784 454 836 499 C.
867 451 1139 514 Calpurnius
1170 449 1296 506 Piso,
1331 451 1397 495 M.

125 530 319 578 Licinius
350 530 587 587 Lucullus,
610 529 665 574 C.
689 527 894 574 Aurelius
926 527 1137 581 Scaurus,
1167 527 1215 570 L.
1244 522 1398 583 Quin-

125 603 234 649 &ius
262 600 502 664 Crispinus.
542 603 758 646 Extremo
794 599 928 656 anni,
963 596 1284 660 magistratibus
1310 593 1398 655 jam

128 674 284 721 creatis
298 710 312 731 ‚
333 686 433 720 ante
457 673 572 719 diem
591 671 770 718 tertium
790 673 942 717 Nonas
962 669 1143 717 Martias
1162 669 1246 715 Cn.
1266 670 1398 714 Man·

127 747 212 794 lius
233 746 371 794 Vulso
393 748 445 792 de
463 746 627 802 Gallis,
646 744 722 808 qui
738 744 882 790 Asiam
902 742 1109 790 incolunt
1123 776 1136 800 ,
1152 742 1400 803 triumpha-

129 818 213 864 vit.
250 817 382 864 serius
401 819 441 864 ei
463 818 763 880 triumphandi
784 817 907 864 causa
928 817 1034 874 fuit,
1056 832 1133 871 ne,
1157 817 1402 874 Q.Teren-

129 888 196 934 tio
223 888 446 934 Culleone
467 902 657 950 praetore
672 924 684 945 ‚
706 888 875 934 causam
899 887 994 951 lege
1014 887 1184 933 Petillia
1205 885 1369 932 diceret
1385 920 1399 941 ‚

129 963 180 1008 &
208 961 417 1008 incendio
438 960 571 1007 alieni
591 960 768 1021 judicii,
789 977 883 1023 quo
914 963 969 1007 L..
987 960 1140 1021 Scipio
1169 960 1400 1004 damnatus

130 1044 251 1088 erat,
273 1033 592 1093 conflagrare13
613 1047 668 1077 eo
696 1030 1011 1076 infensioribus
1038 1030 1083 1075 in
1113 1028 1180 1086 se,
1202 1045 1334 1090 quam
1354 1028 1403 1073 in

130 1104 287 1161 illurn,
309 1103 551 1164 judicibus,
577 1103 700 1167 quod
733 1103 1006 1165 disciplinam
1048 1101 1280 1148 militarem
1297 1136 1309 1158 ,
1337 1099 1404 1145 se-

132 1192 241 1223 vere
270 1177 325 1222 ab
359 1193 416 1223 eo
441 1176 745 1223 conservatam
763 1210 777 1230 ,
804 1175 1021 1219 success'or
1056 1174 1145 1233 ipse
1174 1173 1299 1219 omni
1328 1188 1405 1233 ge-

133 1266 240 1296 nere
271 1249 463 1295 licentiae
498 1259 770 1308 corruperat.
808 1248 966 1307 Neque
1005 1261 1055 1291 ea
1087 1244 1177 1291 sola
1212 1243 1405 1289 insamiae

134 1331 410 1382 erant,quae
447 1320 492 1365 in
536 1320 776 1381 provincia
812 1318 974 1381 procul
1009 1318 1063 1363 ab
1109 1317 1252 1363 oculis
1295 1316 1406 1363 faita

135 1391 449 1437 narrabantur:
470 1391 541 1436 sed
566 1409 616 1437 ea
646 1392 775 1437 etiam
808 1390 970 1453 magis,
994 1407 1095 1453 quae
1116 1390 1160 1434 in
1189 1388 1405 1434 militibus

135 1463 228 1525 ejus
255 1462 455 1526 quotidie
477 1463 878 1526 conspiciebantur.
909 1462 1114 1508 Luxuriae
1138 1462 1255 1506 enim
1278 1476 1407 1522 pere-

137 1536 277 1599 grinae
304 1536 434 1599 origo
456 1536 511 1582 ab
542 1537 742 1583 exercitu
764 1535 958 1581 Asiatico
982 1534 1156 1580 inveEla
1186 1533 1228 1576 in
1250 1532 1406 1578 urbem

138 1609 210 1654 est.
231 1610 261 1654 ii
284 1609 472 1671 primum
502 1610 637 1656 le&0s
660 1621 845 1664 aeratos,
868 1606 1036 1653 vestem
1057 1605 1284 1668 stragulam
1306 1621 1409 1667 pre-

136 1681 295 1730 tiosam
312 1717 326 1739 ,
353 1682 547 1744 plagulas
561 1718 576 1738 ‚
595 1684 644 1729 &
663 1683 745 1727 alia
766 1680 960 1736 textilia,
979 1681 1027 1726 &
1041 1715 1053 1735 ‚
1077 1696 1175 1741 quae
1197 1691 1287 1723 tum
1315 1694 1409 1723 ma-

138 1752 313 1817 gnificae
329 1753 606 1815 supelleffilis
624 1753 896 1798 habebantur
909 1787 924 1808 ,
940 1749 1219 1811 monopodia
1241 1750 1289 1795 ὅ(
1307 1749 1410 1794 aba-2

140 1843 221 1873 cos
255 1829 444 1873 Romam
488 1828 781 1874 advexerunt.
822 1837 929 1870 tunc
967 1824 1151 1886 psaltriae
1190 1822 1409 1868 sambuci-

141 1901 367 1963 striaeque,
389 1903 438 1947 ὅ(
457 1900 720 1947 convivalia
739 1899 973 1944 ludionum
994 1896 1316 1942 oblefflanoenta
1336 1894 1412 1939 ad-

143 1972 232 2019 dita
257 1973 427 2034 epulis:
456 1971 598 2033 epulae
626 1987 809 2034 quoque
844 1969 947 2030 ipsae
975 1969 1024 2014 &
1058 1985 1159 2013 cura
1187 1969 1235 2013 &
1268 1967 1411 2012 sumtu

142 2043 312 2104 majore
342 2042 542 2105 apparari
573 2054 767 2103 coeptae:
799 2055 895 2085 tum
931 2055 1129 2101 coquus,
1154 2037 1413 2084 vilissimum

144 2117 337 2179 antiquis
366 2115 638 2177 mancipium
667 2118 715 2161 δέ
734 2114 1020 2159 aestimatione
1043 2114 1092 2159 δε
1115 2111 1192 2157 usu
1209 2147 1221 2167 ,
1244 2112 1290 2156 in
1311 2128 1413 2171 pre-

145 2191 212 2237 tio
245 2189 350 2244 effe3
377 2190 452 2245 &,
486 2188 608 2251 quod
642 2185 932 2232 ministerium
962 2183 1131 2241 fuerat,
1163 2201 1229 2229 ars
1263 2182 1415 2228 haberi

147 2275 312 2324 coepta.
340 2263 419 2308 vix
453 2273 599 2306 tamen
621 2259 723 2315 illa,
751 2275 849 2320 quae
874 2270 968 2303 tum
997 2255 1414 2318 conspiciebantur,

148 2336 310 2383 semina
330 2348 452 2381 erant
470 2334 629 2379 futurae
650 2332 851 2378 luxuriae.

210 2409 307 2458 ¹Vll.
337 2408 385 2453 ln
410 2405 635 2469 triumpho
663 2404 761 2452 tulit
787 2405 872 2452 Cn.
904 2403 1096 2452 Manlius
1118 2419 1310 2452 coronas
1343 2418 1420 2458 au«⁴
