1618 2715
245 133 789 182 HISTORIARUM
825 132 941 177 LIB.
978 131 1240 177 XXXVIII.
1309 147 1393 195 251

117 242 239 290 tibus
267 240 593 304 impedimento
624 238 753 284 sunt:
777 237 881 284 alibi
908 237 1086 300 praedo,
1106 236 1209 282 alibi
1240 237 1403 298 praedae

119 319 289 364 vindex
322 315 453 363 cadit.
476 315 616 360 Prout
647 314 777 360 locus
800 311 981 374 iniquus
1010 310 1222 372 aequusve
1241 309 1308 356 his
1329 322 1404 358 aut

117 391 234 448 illis,
265 401 399 452 prout
431 387 603 433 animus
639 384 933 449 pugnantium
962 384 1046 441 est,
1076 394 1212 446 prout
1242 400 1402 430 nume-

119 481 195 512 rus
211 500 222 519 ‚
248 463 351 527 (alii
371 462 489 508 enim
511 460 716 523 pluribus
734 496 748 515 ‚
773 475 906 522 quam
931 457 1008 520 ipsi
1031 469 1185 515 erant,
1203 457 1277 504 alii
1297 474 1405 520 pau-

120 536 349 592 cioribus,
390 531 718 595 occurrerant)
750 532 875 578 varia
910 548 1071 594 pugnae
1110 530 1293 578 fortuna
1328 529 1404 576 est.

120 608 252 655 multi
289 608 500 670 utrinque
530 607 709 653 cadunt.
751 606 843 652 Jam
882 619 978 649 nox
1013 603 1277 665 appetebat,
1300 619 1404 649 cum

121 680 290 743 proelio
321 680 547 727 excedunt
573 678 795 734 Thraces,
820 692 914 721 non
935 674 1039 737 fuga
1060 675 1298 722 vulnerum
1329 686 1404 720 aut

121 753 308 808 mortis,
331 751 402 798 sed
430 751 536 815 quia
557 750 656 797 satis
682 750 842 813 praedae
870 747 1108 794 habebant.

190 827 306 871 XLI.
339 825 650 870 Romanorum
682 822 876 883 primum
908 836 1067 882 agmen
1101 830 1225 865 extra
1251 817 1407 865 saltum

121 899 242 946 circa
262 897 474 960 templum
490 895 753 942 Bendidium
777 894 912 940 castra
928 893 1036 940 loco
1056 903 1212 954 aperto
1234 891 1404 953 posuit:

124 987 224 1034 pars
246 970 378 1016 altera
398 969 450 1015 ad
470 967 712 1015 custodiam
739 964 1165 1028 impedimentorum
1186 964 1337 1009 medio
1359 964 1404 1009 in

124 1044 262 1097 saltu,
295 1041 466 1104 duplici
509 1038 784 1086 circumdata
827 1037 980 1093 vallo,
1014 1036 1185 1082 manfit.
1224 1035 1405 1082 Postero

126 1118 223 1175 die,
243 1116 366 1179 prius
391 1114 631 1176 explorato
653 1113 792 1168 saltu,
818 1127 950 1174 quam
971 1121 1235 1166 moverent,
1256 1109 1408 1170 primis

127 1190 168 1237 se
196 1189 495 1252 conjungunt.
529 1189 577 1233 In
602 1203 658 1233 eo
681 1185 879 1249 proelio,
901 1201 1002 1230 cum
1032 1185 1080 1230 ὃ(
1110 1183 1407 1245 impedimen—

126 1281 277 1311 torum
313 1279 409 1327 pars
441 1263 491 1308 &
521 1261 763 1317 calonum,
794 1260 844 1306 &
878 1257 1040 1304 milites
1072 1258 1271 1319 aliquot,
1303 1276 1408 1306 cum

126 1337 279 1399 paffim
299 1348 400 1382 toto
419 1350 561 1395 prope
579 1332 685 1379 saltu
701 1342 971 1395 pugnaretur
984 1366 997 1388 ‚
1013 1330 1288 1389 cecidissent,
1306 1331 1407 1393 plu-

127 1409 287 1455 rimum
311 1410 373 1468 Q.
404 1405 595 1452 Minucii
613 1404 800 1453 Thermi
831 1418 978 1450 morte
1007 1403 1155 1450 damni
1189 1403 1250 1449 est
1281 1420 1408 1451 acce·-

127 1495 253 1546 ptum
271 1518 284 1540 ‚
303 1480 437 1527 fortis
459 1497 509 1527 ac
531 1479 696 1525 strenui
720 1477 821 1524 viri.
848 1479 917 1522 Eo
938 1476 1007 1523 die
1031 1477 1086 1523 ad
1107 1477 1305 1523 Hebrum
1327 1477 1411 1523 flu=

129 1571 230 1601 men
272 1564 543 1615 perventum
579 1550 653 1598 est.
692 1550 794 1595 inde
825 1548 1064 1595 AEniorum
1103 1547 1212 1596 fines
1251 1561 1411 1612 praeter

129 1625 384 1688 Apollinis,
412 1624 711 1688 Zerynthium
731 1639 864 1684 quem
890 1633 1059 1670 vocant
1084 1621 1276 1679 incolae,
1295 1634 1411 1668 tem-

128 1700 252 1761 plum
290 1698 510 1760 superant.
542 1696 654 1743 Aliae
679 1694 889 1757 angustiae
919 1692 1037 1740 circa
1070 1692 1303 1757 Tempyra
1334 1711 1414 1739 ex-

129 1769 324 1831 cipiunt,
346 1769 467 1834 (hoc
500 1769 607 1816 loco
631 1783 798 1812 nomen
818 1764 911 1829 est)
937 1782 1020 1812 nec
1051 1764 1200 1812 minus
1229 1766 1412 1813 confra-³

130 1841 274 1903 gosae,
295 1859 425 1904 quam
454 1841 656 1904 priores:
681 1838 775 1896 sed,
799 1837 903 1901 quia
933 1837 1044 1883 nihil
1069 1837 1265 1884 silvestre
1293 1838 1415 1885 circa

130 1912 217 1970 est,
250 1930 304 1959 ne
337 1914 525 1960 latebras
563 1912 743 1975 quidem
779 1910 833 1957 ad
867 1910 1161 1957 insidiandum
1198 1912 1415 1973 praebent·

133 1986 234 2031 Huc
261 1985 314 2032 ad
334 1986 519 2033 eandem
543 1985 661 2047 spem
685 1984 845 2047 praedae
866 1982 1053 2029 Thrausi
1086 1982 1227 2047 (gens
1255 1985 1304 2031 ὅ(
1325 1983 1415 2047 ipsa

133 2058 390 2122 Thracum)
415 2074 673 2107 convenere
693 2076 703 2104 ε
724 2056 824 2115 sed,
841 2057 946 2119 quia
966 2057 1095 2105 nudae
1116 2057 1256 2104 valles
1274 2095 1286 2116 ‚
1307 2076 1416 2121 pro·
1479 2044 1483 2047 ¹

131 2134 203 2180 cul
225 2145 274 2179 ut
305 2131 670 2195 conspicerentur
699 2129 914 2194 angustias
945 2130 1195 2178 obfidentes
1212 2166 1225 2186 ‚
1247 2131 1416 2178 efficiee

132 2208 240 2253 bant
254 2243 266 2264 ,
287 2207 434 2254 minus
463 2205 648 2253 terroris
668 2203 968 2267 tumultusque
991 2203 1077 2249 fuit
1104 2203 1221 2265 apud
1239 2204 1415 2250 Roma-

133 2297 233 2327 nos.
268 2280 433 2343 quippe
458 2278 534 2326 etfi
565 2277 725 2340 iniquo
745 2278 876 2335 loco,
894 2276 1063 2339 proelio
1092 2286 1241 2321 tamen
1267 2275 1415 2337 justo,

133 2351 228 2399 acie
252 2351 429 2414 aperta,
458 2352 639 2399 collatis·
654 2350 784 2414 signis
813 2349 1113 2396 dimicandum
1146 2360 1254 2395 erat.
1285 2349 1418 2394 Con-

134 2421 237 2471 ferti
258 2423 492 2472 subeuntes
513 2440 613 2472 cum
635 2421 857 2483 clamore,
876 2421 1043 2486 impetu
1065 2420 1207 2480 festio,
1221 2419 1420 2485 primurn
