1618 2715
260 124 793 171 I-HSTORIARUM
831 124 958 171 Ltss.
995 124 1235 175 XXXVII.
1309 135 1396 187 15⁹1*

123 236 253 283 gnam
283 235 451 284 partem
484 221 678 267 Rhodiae
710 221 849 268 elafiis
879 222 997 268 circa
1023 225 1175 270 Patara
1209 226 1313 283 effe,
1345 230 1396 276 δε

122 295 365 339 Eumenem
394 308 544 354 regem
572 309 678 338 cum
711 294 920 340 omnibus
950 295 1138 341 navibus
1169 296 1252 343 suis
1280 314 1396 344 con-

121 363 202 409 suli
228 363 413 410 obviam
447 363 493 408 in
528 362 864 426 Hellespontum
898 364 1150 426 profeffiim
1182 368 1397 417 audierat.

121 437 287 500 aliquid
312 437 440 483 etiam
473 436 655 484 inflabat
674 437 847 484 animos
869 437 1004 485 claffis
1026 438 1200 486 Rhodia
1216 476 1227 496 ‚
1247 442 1302 486 ad
1318 442 1397 493 Sa-

119 527 243 556 mum
270 526 348 572 per
369 509 650 557 occasionem
677 509 829 556 fraude
863 523 1149 572 praeparatam
1179 512 1395 560 absumta.

120 580 201 627 His
241 579 402 638 fretus,
438 580 718 644 Polyxenida
753 597 853 626 cum
890 580 1017 627 claffe
1050 582 1103 627 ad
1135 583 1394 629 tentandam

120 652 247 698 omni
263 653 402 699 modo
432 652 683 698 certaminis
702 651 930 699 fortunam
952 651 1103 710 misso,
1122 653 1211 716 ipse
1239 655 1396 717 copias

119 726 175 772 ad
194 726 382 772 Notium
412 725 536 773 ducit
554 743 564 772 :
584 725 629 771 id
648 725 865 787 oppidum
886 724 1258 786 Colophonium,
1279 726 1393 774 mari

118 797 378 857 imminens,
406 798 525 845 abest
559 815 584 844 a
614 810 764 845 vetere
803 796 1082 859 Colophone
1121 798 1212 844 duo
1251 798 1394 847 ferme

117 870 256 917 millia
279 872 476 934 passuum
498 889 509 918 ε
532 873 581 918 &
600 869 732 932 ipsam
758 870 914 916 urbem
944 869 1032 915 swae
1059 870 1141 917 effe
1162 871 1393 932 potestatis

115 945 327 1004 volebat,
359 946 471 992 adeo
505 943 804 1007 propinquam
836 942 1036 1004 Epheso,
1058 955 1106 990 ut
1140 944 1251 990 nihil
1276 956 1391 994 terra

114 1019 287 1066 marive
316 1030 493 1083 ageret,
521 1018 645 1082 quod
673 1034 767 1064 non
796 1017 1036 1077 subjefilum
1069 1017 1212 1064 oculis
1243 1019 1391 1065 Colo-

113 1091 415 1154 phoniorum,
436 1108 487 1139 ac
516 1108 594 1154 per
621 1106 699 1137 eos
731 1101 891 1135 notum
919 1089 1149 1152 extemplo
1168 1089 1390 1138 Romanis

113 1163 217 1209 effet
248 1180 258 1208 :
288 1161 432 1225 quos,
465 1161 612 1209 audita
645 1160 903 1217 obsidione,
940 1176 1036 1207 non
1069 1160 1296 1207 dubitabat
1332 1161 1390 1208 ad

111 1251 248 1297 opem
272 1233 497 1281 ferendam
527 1233 658 1281 sociae
686 1233 786 1280 urbi
819 1233 989 1280 claffem
1017 1250 1042 1279 a
1071 1234 1204 1278 Samo
1234 1246 1387 1279 motu-

111 1325 202 1356 ros,
224 1326 320 1356 eam
351 1309 631 1356 occasionem
651 1307 946 1370 Polyxenidae
963 1308 1018 1353 ad
1036 1324 1128 1354 rem
1148 1308 1386 1370 gerendam

111 1380 225 1428 fore.
256 1381 414 1445 Igitur,
432 1380 643 1443 operibus
670 1395 932 1443 oppugnare
957 1380 1110 1426 urbem
1139 1380 1388 1442 aggrefl'us,

110 1456 161 1501 &
189 1454 244 1501 ad
275 1470 392 1499 mare
426 1452 621 1515 partibus
658 1452 826 1499 duabus
863 1451 1025 1514 pariter
1060 1451 1387 1499 munitionibus

110 1524 333 1582 deduffls,
351 1523 561 1587 utrinque
590 1522 742 1570 vineas
769 1524 818 1569 &
846 1539 1049 1585 aggerem
1079 1538 1208 1568 muro
1237 1522 1393 1582 injun-

109 1596 203 1654 xit,
224 1599 272 1644 &
289 1595 579 1643 testudinibus
602 1595 757 1641 arietes
780 1594 1001 1641 admovit.
1034 1594 1212 1653 Quibus
1242 1594 1389 1647 territi

108 1671 233 1716 malis
251 1669 538 1732 Colophonii
558 1681 759 1716 oratores
785 1670 959 1715 Samum
984 1669 1038 1715 ad
1061 1671 1108 1715 L.
1125 1668 1352 1715 AEmilium
1368 1702 1386 1724 ‚

108 1741 240 1791 fidem
258 1741 462 1806 praetoris
482 1742 734 1806 populique
750 1741 947 1787 Romani
963 1740 1279 1803 implorantes,
1301 1742 1384 1788 mi-

107 1815 272 1863 serunt.
289 1815 516 1863 AEmilium
533 1815 707 1864 &Sami
724 1814 864 1878 segnis
882 1814 955 1861 diu
970 1830 1096 1860 mora
1111 1813 1384 1872 offendebat,

105 1890 221 1936 nihil
255 1889 405 1937 minus
437 1889 726 1952 opinantem,
759 1904 893 1952 quam
922 1886 1281 1951 Polyxenidam,
1314 1886 1381 1932 bis

109 1961 409 2026 nequidquam
438 1963 493 2009 ab
514 1961 555 2009 se
581 1974 913 2025 provocatum,
935 1960 1194 2024 potestatem
1221 1977 1383 2023 pugnae

109 2033 327 2081 fadiurum
348 2034 430 2080 effe
449 2052 460 2081 ε
482 2036 531 2081 &
558 2045 687 2096 turpe
705 2032 1004 2089 existimabat,
1034 2032 1242 2078 Eumenis
1269 2031 1382 2078 clas-

108 2103 200 2149 sem
239 2103 452 2165 adjuvare
489 2104 718 2151 consulem
754 2104 810 2151 ad
841 2103 1121 2165 trajiciendas
1154 2103 1201 2149 in
1235 2104 1382 2150 Afiam

109 2175 342 2238 legione33
364 2176 404 2222 se
433 2177 720 2239 Colophonis
746 2176 922 2223 obseffae
940 2176 1111 2222 auxilio
1128 2211 1141 2234 ,
1163 2175 1381 2222 incertam

107 2247 244 2295 finem
273 2249 505 2308 habituro,
524 2250 708 2314 alligari.
737 2251 959 2298 Eudamus
981 2249 1183 2296 Rhodius
1197 2285 1213 2305 ,
1235 2248 1312 2310 qui
1330 2248 1381 2295 &

107 2334 312 2370 tenuerat
336 2341 436 2371 eum
456 2325 595 2384 Sami,
616 2324 872 2387 cupientem
899 2322 1122 2387 proficisci
1142 2321 1189 2368 in
1208 2322 1380 2369 Helles-

107 2412 323 2460 pontum,
341 2399 574 2464 cunCtique
590 2399 750 2448 instare
769 2400 819 2449 δι
839 2398 1013 2459 dicere,
1043 2400 1217 2460 Quanto
1234 2397 1382 2459 satius>²

1019 2472 1065 2517 K
1097 2487 1128 2529 4
