1618 2715
206 121 269 166 24
555 106 599 153 T
633 111 650 155 1
684 111 726 157 T
759 113 778 155 1
854 112 889 156 L
925 113 941 156 1
981 113 1020 156 V
1057 113 1072 157 1
1109 113 1125 157 1

205 213 271 259 M.
315 212 490 260 Baebius
525 214 791 277 Tamphilus
826 214 1079 277 Hispaniam
1120 216 1402 274 citeriorem,
1437 219 1495 264 Α.“

204 286 367 333 Atilius
382 288 594 333 Serranus
613 289 891 334 ulteriorem.
912 289 997 333 Sed
1015 289 1081 335 his
1100 289 1278 335 duobus
1298 289 1493 350 primum

206 356 620 417 senatusconsulto,
649 361 808 407 deinde
841 361 981 423 plebis
1006 361 1137 408 etiam
1170 361 1281 409 scito
1310 377 1494 423 permu-

205 441 308 477 tatae
335 431 587 493 provinciae
613 431 725 480 funt.
758 434 902 482 Atilio
937 434 1079 480 claffis
1107 436 1156 482 &
1189 433 1458 481 Macedonia
1476 467 1494 488 ,

206 503 362 549 Baebio
389 504 545 549 Bruttii
577 504 760 550 decreti.
793 505 1014 552 Flaminio
1050 506 1303 568 Fulvioque
1334 505 1380 551 in
1411 504 1495 551 Hi-

206 573 370 635 spaniis
400 588 696 638 prorogatum
717 577 969 640 imperium.
998 577 1152 624 Baebio
1173 577 1421 641 Tamphilo
1446 577 1495 623 in

208 647 409 694 Bruttios
440 649 538 695 duae
569 648 768 712 legiones
801 650 1020 706 decretae,
1053 669 1152 714 quae
1184 650 1337 713 priore
1371 666 1494 697 anno

210 721 394 767 urbanae
412 720 592 768 fuiffent
614 741 624 769 ε
645 724 695 769 &
720 735 771 769 ut
798 722 929 770 sociis
948 725 1108 770 eodem
1136 724 1273 770 millia
1293 723 1495 786 peditum

210 792 469 855 quindecim
494 793 848 856 imperarentur,
870 797 920 843 &
940 795 1176 859 quingenti
1195 794 1376 857 equites.
1399 793 1498 840 Ati-

209 867 299 913 lius
316 866 498 930 triginta
517 884 655 915 naves
671 869 1014 932 quinqueremes
1033 869 1177 916 facere
1197 868 1352 927 juffus,
1371 870 1419 916 &
1438 883 1496 914 ex

210 941 448 988 navalibus
471 954 646 989 veteres
660 943 910 1001 deducere,
934 943 963 989 fi
985 960 1086 1005 quae
1105 943 1236 988 utiles
1259 941 1422 996 essent,
1444 942 1496 990 δε

211 1013 400 1061 scribere
426 1016 616 1063 >navales
647 1015 808 1063 socios.
841 1019 897 1062 Et
917 1016 1174 1062 consulibus
1205 1016 1497 1077 imperatum,

210 1099 263 1134 ut
282 1087 320 1133 ei
340 1088 432 1134 duo
451 1088 589 1135 millia
613 1088 784 1135 socium
809 1105 860 1136 ac
892 1088 1037 1134 Latini
1058 1088 1255 1147 nominis
1269 1125 1282 1147 ,
1304 1090 1352 1136 &
1373 1088 1496 1135 mille

211 1159 383 1221 pedites
412 1160 564 1207 darent
586 1162 832 1208 Romanos.
866 1162 925 1207 Hi
953 1162 1044 1208 duo
1073 1174 1290 1224 praetores
1321 1163 1370 1208 &
1400 1161 1496 1207 duo

212 1235 464 1292 exercitus,
496 1235 710 1282 terrestris
747 1254 849 1283 nav
849 1234 1034 1309 nsque,
1073 1236 1283 1283 adversus
1317 1235 1498 1292 Nabin‚

212 1317 364 1366 aperte
397 1306 483 1367 jam
519 1319 856 1370 oppugnantem
899 1304 1048 1355 socios
1085 1308 1243 1370 populi
1276 1301 1498 1366 Romani,
1532 1331 1536 1334 ·
1602 1342 1603 1352 ,

140 1410 144 1413 «
213 1378 475 1426 dicebantur
508 1380 667 1442 parari.
715 1382 925 1427 Ceteriun
967 1379 1098 1443 legati
1139 1382 1192 1427 ad
1217 1381 1496 1428 Antiochum

213 1450 326 1496 miffi
360 1451 760 1514 exspeRabantur:
800 1454 875 1509 ὃς,
905 1452 1158 1514 priusquam
1193 1452 1224 1498 ii
1256 1453 1497 1517 rediffent,

215 1536 419 1570 vetuerat
446 1525 531 1571 Cn.
562 1524 824 1573 Domitium
853 1525 1084 1573 consulem
1110 1525 1283 1574 sena-tus
1309 1527 1365 1573 ab
1385 1527 1497 1574 urbe

214 1595 451 1643 discedere.
534 1655 537 1658 Ι

218 1692 225 1698 ·
279 1671 404 1716 XXI.
438 1670 709 1717 Praetoribus
740 1671 904 1719 Fulvio
935 1671 984 1718 ὃς
1012 1669 1278 1727 Scribonio,
1303 1671 1498 1733 quibus,

216 1752 266 1788 ut
294 1741 362 1803 jus
388 1742 586 1790 dicerent
618 1745 804 1803 Romae‚
837 1745 1077 1807 provincia
1111 1756 1233 1801 erat,
1264 1745 1499 1808 negotium

216 1815 370 1862 <latum
385 1852 398 1874 ‚
420 1828 499 1873 ut,
517 1833 678 1879 praeter
698 1835 792 1864 eam
823 1819 996 1865 claffem
1011 1854 1024 1877 ‚
1045 1817 1117 1865 cui
1143 1817 1305 1864 Atilius
1329 1817 1500 1880 praefu-

147 1920 151 1921 γ
217 1898 344 1932 turus
373 1899 493 1944 erat,
516 1901 697 1936 centum
728 1889 1070 1952 quinqueremes
1097 1901 1315 1952 pararent.
1349 1888 1499 1935 Prius-

217 1977 351 2022 quam
373 1961 530 2008 consul
560 1963 859 2027 praetoresque
886 1964 932 2010 in
958 1964 1221 2027 provincias
1241 1962 1500 2025 proficisce-

217 2046 372 2081 rentur
386 2072 399 2093 ‚
419 2035 683 2099 supplicatio
704 2038 787 2084 fuit
806 2040 1119 2103 prodigiorum
1142 2038 1282 2086 causa.
1304 2038 1499 2100 Capram

217 2105 291 2152 sex
314 2107 476 2155 hoedos
496 2126 592 2156 uno
614 2109 732 2157 foetu
758 2111 936 2158 edidisse
950 2147 964 2169 ,
982 2128 1038 2158 ex
1058 2111 1227 2158 Piceno
1248 2109 1499 2157 nuntiatum

218 2178 313 2225 est:
301 2181 379 2226 ’δε
400 2181 565 2228 A1retii
585 2199 768 2244 puerum
790 2195 941 2230 natum
964 2184 1260 2231 unimanum:
1277 2181 1499 2229 Amiterni

219 2260 333 2296 terra
358 2251 449 2314 plui
439 2253 542 2299 ¹:sse
569 2255 762 2303 Formiis
789 2268 966 2317 portam
994 2271 1262 2318 murumque
1289 2254 1342 2300 de
1371 2255 1498 2302 coelo

218 2322 360 2369 tacia:
382 2325 430 2371 &
456 2324 607 2388 (quod
626 2327 817 2373 maxime
839 2328 1054 2391 terrebat)
1073 2326 1268 2374 consulis
1288 2328 1374 2372 Cn.
1398 2327 1500 2372 Do-

218 2393 334 2442 mitii
352 2395 522 2447 bovem
543 2397 778 2460 locutum,
798 2400 959 2449 Rom
989 2415 1094 2449 ch
1099 2414 1126 2447 E
1152 2412 1272 2447 Tim
1308 2399 1500 2450 Cetero-
