1618 2715
294 122 848 172 HISTORIARUM
883 120 1010 168 ΜΒ.
1043 120 1281 167 ΧΧΧνΠ.
1356 137 1440 187 ¹95

156 233 333 298 (omnia
362 231 512 280 caelata
533 227 687 292 erant)
719 228 841 275 mille
866 227 1026 292 pondo
1046 228 1094 275 &
1119 228 1445 293 quadringenta

153 313 320 378 viginti
358 323 582 375 quatuor,
626 324 865 355 aureorum
907 306 1030 352 mille
1077 307 1237 367 pondo
1282 307 1445 370 viginti

156 402 369 452 quatuor.
390 389 440 434 &
466 388 601 433 duces
622 384 760 448 regii,
785 381 1006 446 praefeffi,
1030 385 1079 430 &
1099 386 1326 446 purpurati
1352 387 1447 432 duo

156 469 210 515 &
239 466 422 530 triginta
452 477 554 511 ante
587 479 767 510 currum
800 460 933 507 duffi.
964 460 1186 509 Militibus
1215 463 1342 525 quini
1374 463 1449 510 vi-

156 544 260 592 ceni
280 542 451 590 denarii
471 541 591 600 dati,
614 540 781 603 duplex
801 538 1085 595 centurioni,
1105 540 1268 602 triplex
1291 542 1448 605 equiti.

157 625 211 671 &
239 620 508 686 stipendium
541 618 735 666 militare
761 619 811 664 &
843 615 1116 663 frumentum
1148 618 1316 681 duplex
1348 620 1451 682 post

159 701 440 763 triumphum
485 698 649 744 datum.
685 694 850 759 proelio
889 693 933 739 in
968 695 1067 740 Asia
1101 694 1246 755 fa&o‚
1284 698 1449 760 dupiex

160 778 356 825 dederat.
384 775 707 841 Triumphavit
743 791 864 821 anno
899 772 989 820 fere
1021 772 1151 840 post,
1174 791 1306 838 quam
1331 792 1447 821 conm

161 855 305 903 sulatu
332 855 455 902 abiit.
1421 908 1431 916 .

229 932 326 978 LX.
356 930 527 976 Eodem
549 927 641 974 fere
671 940 873 990 tempore
896 928 944 974 <Sc
964 927 1046 974 Cn.
1069 927 1260 975 Manlius
1287 931 1447 978 consul

162 1009 212 1057 in
246 1010 417 1065 Asiam,
450 1008 582 1067 &Q.
615 1005 775 1052 Fabius
808 1005 960 1050 Labeo
994 1015 1163 1065 praetor
1190 1006 1241 1050 ad
1276 1008 1451 1055 classem

164 1086 305 1136 venit.
330 1087 544 1133 Ceterum
563 1082 737 1130 consuli
759 1098 853 1128 non
879 1082 1028 1127 deerat
1055 1098 1158 1128 cum
1183 1083 1324 1131 Gallis
1347 1086 1450 1134 belli

164 1163 360 1211 materia.
381 1178 503 1208 mare
522 1172 729 1224 pacatum
749 1174 841 1206 erat
856 1195 868 1215 ‚
884 1158 1065 1205 devicto
1087 1159 1334 1208 Antiocho.
1355 1165 1454 1210 Co-

165 1240 323 1304 gitanti
349 1241 410 1299 Q.
441 1238 606 1296 Fabio,
628 1237 701 1284 cui
731 1235 796 1282 rei
825 1234 1100 1296 potiffimum
1132 1235 1372 1295 insisteret,
1396 1257 1453 1286 ne

165 1318 361 1365 otiosam
396 1315 680 1378 provinciam
719 1313 917 1360 habuiss'e
951 1312 1094 1360 videri
1126 1315 1295 1376 postet,
1328 1319 1454 1379 opti..

167 1415 292 1445 mum
323 1397 470 1443 visum
492 1396 574 1453 est,
598 1395 644 1440 in
675 1396 858 1441 Cretam
887 1393 1074 1439 insulam
1107 1394 1322 1455 trajicere.
1353 1400 1455 1463 Cy-

168 1476 367 1523 doniatae
402 1474 570 1521 bellum
607 1472 816 1519 adversus
855 1470 1117 1534 Gortynios
1151 1474 1456 1525 Gnoffiosoue

171 1552 410 1615 gerebant,
428 1550 479 1596 δε
507 1548 798 1611 captivorum
819 1546 1133 1593 Romanorum
1162 1561 1294 1612 atque
1318 1538 1458 1602 Italici

170 1629 346 1693 generis
368 1643 551 1691 magnus
578 1641 788 1672 numerus
807 1624 853 1670 in
876 1624 1087 1671 servitute
1116 1625 1200 1671 effe
1221 1643 1298 1688 per
1316 1640 1459 1678 totam

173 1707 361 1754 insulam
380 1705 623 1752 dicebatur.
643 1703 790 1749 Classe
812 1703 867 1748 ab
889 1701 1065 1764 Epheso
1087 1705 1335 1765 profeffits,
1355 1725 1459 1756 cum

174 1784 365 1847 primum
388 1784 537 1829 Cretae
564 1781 667 1827 litus
694 1780 866 1843 attigit,
894 1780 1079 1827 nuntios
1111 1782 1229 1829 circa
1252 1784 1460 1834 civitates

175 1861 309 1918 misit,
331 1872 380 1906 ut
397 1859 529 1905 armis
552 1856 808 1904 absisterent
820 1893 833 1916 ,
851 1857 1146 1921 captivosque
1167 1861 1212 1906 in
1235 1861 1319 1909 suis
1338 1881 1460 1927 quee-

177 1954 267 2000 que
288 1937 474 1983 urbibus
492 1935 698 1999 agrisque
718 1933 999 1996 conquifitos
1018 1935 1307 1995 reducerent,
1327 1941 1376 1986 &
1395 1940 1462 1987 le-

179 2027 309 2077 gatos
324 2012 552 2058 mitterent
565 2010 621 2057 ad
636 2009 696 2068 se,
711 2026 813 2057 cum
829 2010 992 2072 quibus
1005 2011 1058 2056 de
1071 2013 1200 2058 rebus
1213 2014 1267 2059 ad
1278 2017 1466 2062 Creten·

181 2089 244 2136 ses
266 2087 432 2151 pariter
451 2087 774 2152 Romanosque
793 2087 1117 2151 pertinentibus
1143 2105 1305 2153 ageret.
1337 2093 1465 2140 Nihil

181 2182 454 2229 magnopere
473 2183 524 2212 ea
545 2164 777 2212 Cretenses
802 2179 1061 2213 moverunt.
1093 2169 1325 2229 captivos,
1348 2184 1466 2232 prae-

180 2257 250 2291 ter
266 2243 551 2308 Gortynios,
566 2241 676 2289 nulli
692 2242 995 2290 reddiderunt.
1016 2243 1221 2292 Valerius
1239 2247 1392 2294 Antias
1411 2251 1468 2297 ad

185 2334 379 2385 quatuor
397 2320 537 2367 millia
556 2321 845 2384 captivorum
860 2357 874 2380 ‚
895 2321 999 2385 quia
1017 2321 1122 2368 belli
1143 2324 1283 2370 minas
1305 2325 1468 2374 timue-

184 2411 317 2461 runt,
347 2416 403 2448 ex
432 2411 527 2448 tota
554 2399 698 2449 insula
724 2400 897 2449 reddita
920 2399 1123 2464 scripfit:
1153 2417 1338 2466 eamque
1361 2420 1468 2452 cau·-

1110 2480 1214 2527 Na.
