1618 2715
259 128 798 178 HISTORIARUM
835 127 959 173 LIB.
996 125 1213 173 XXXIX.
1315 142 1408 187 347

135 233 343 297 proxime
365 233 614 294 Bojorum„
635 245 736 279 ante
764 231 1021 280 Tuscorum
1046 230 1218 290 fuerat,
1246 231 1413 277 oc'iona
1441 262 1448 265 -

136 313 287 376 jugera
317 315 484 360 Parmae
502 348 515 370 ‚
537 311 673 375 quina
704 311 893 357 Mutinae
930 320 1214 371 acceperunt.
1247 310 1412 355 Dedu-

136 403 294 438 xerunt
322 389 551 437 triumviri
587 392 650 436 M.
689 388 893 436 AEmilius
930 386 1121 450 Lepidus
1143 422 1161 443 ‚-
1188 385 1245 432 T.
1270 386 1414 432 AEbu-

137 469 223 518 tius
246 469 413 526 Carus,
433 471 480 515 L.
501 467 742 529 Quinffius
763 466 1010 528 Crispinus.
1037 468 1092 511 Et
1110 466 1317 511 Saturnia
1336 481 1415 512 co-

138 544 264 592 lonia
301 545 472 592 civium
511 546 827 592 Romanorum
859 542 906 589 in
935 559 1089 605 agrum
1125 543 1415 589 Caletranum

138 622 201 668 est
233 622 430 669 deduffli.
474 622 754 668 deduxerunt
787 619 1015 666 triumviri
1054 621 1115 679 Q.
1146 619 1300 665 Fabius
1330 622 1416 664 La-

139 697 226 744 beo
247 733 261 756 ,
288 699 341 744 C.
373 696 582 744 Afranius
614 696 771 742 Stellio
791 730 804 753 ‚
834 695 908 740 Ti.
943 693 1233 756 Sempronius
1267 696 1416 740 Grac-

141 769 263 816 chus.
294 769 444 833 jugera
463 768 508 815 in
527 767 721 831 singulos
741 768 842 813 data
865 766 1034 813 decem.

204 849 321 893 LVI.
339 847 511 893 Eodem
537 861 658 892 anno
679 847 732 891 A.
755 844 995 891 Terentius
1027 843 1270 907 proconsul
1299 842 1418 889 haud

142 924 304 986 procul
332 923 516 970 flumine
537 925 665 969 Ibero
683 958 695 980 ,
715 922 761 968 in
792 938 902 986 agro
927 921 1150 968 Ausetano
1172 957 1185 976 ,
1215 922 1264 966 &
1296 937 1419 982 proe-

141 1003 201 1050 lia
229 1002 419 1050 secunda
449 1020 552 1049 cum
584 1002 822 1049 Celtiberis
852 1001 987 1059 fecit,
1020 1002 1070 1047 &
1098 1000 1264 1072 pppicla
1283 1036 1295 1054 ‚
1316 1017 1419 1062 quae

143 1081 206 1128 ibi
245 1081 635 1138 communierant,
670 1079 841 1142 aliquot
876 1076 1168 1141 expugnavit.
1213 1076 1419 1122 Ulterior

145 1157 357 1222 Hispania
377 1175 433 1205 eo
462 1175 581 1205 anno
607 1158 653 1204 in
672 1174 779 1220 pace
800 1156 915 1214 fuit,
934 1157 1037 1220 quia
1064 1157 1112 1202 &
1140 1156 1184 1199 P.
1205 1155 1418 1216 Sempro-

145 1236 240 1283 nius
273 1235 518 1299 proconsul
548 1234 727 1282 diutino
761 1234 926 1280 morbo
958 1233 1019 1279 est
1049 1231 1315 1293 implicituS,
1343 1233 1424 1287 &,

144 1316 272 1364 nullo
302 1315 532 1363 lacessente
548 1350 562 1373 ‚
586 1326 926 1376 peropportune
956 1311 1230 1375 quieverunt
1250 1309 1419 1355 Lusita-

145 1395 208 1443 ni.
241 1396 339 1441 Nec
367 1394 410 1439 in
440 1393 675 1455 Liguribus
709 1390 998 1437 memorabile
1029 1389 1273 1452 quidquam
1303 1404 1327 1433 a
1357 1389 1420 1446 Q.

146 1471 284 1518 Fabio
312 1469 493 1517 consule
526 1469 706 1532 gestum.
735 1469 797 1514 M.
823 1466 1089 1523 Marcellus,
1115 1482 1170 1511 ex
1199 1464 1318 1510 lstria
1346 1482 1420 1510 re·-

146 1561 369 1606 vocatus‚
406 1548 606 1595 exercitu
644 1546 818 1593 dimisso
841 1583 854 1601 ‚
898 1547 1091 1591 Romam
1129 1542 1420 1590 comitiorum

146 1626 277 1674 causa
310 1625 453 1672 rediit.
485 1624 673 1671 Creavit
706 1622 906 1670 consules
935 1622 1020 1668 Cn.
1053 1621 1251 1666 Baebium
1279 1621 1421 1666 Tam-

146 1705 318 1767 philum
353 1706 403 1751 ὃ(
437 1706 486 1750 L.
518 1702 745 1750 AEmilium
782 1701 1000 1746 Paullum.
1043 1716 1143 1745 cum
1183 1700 1245 1744 M.
1276 1699 1419 1745 AEmi-

147 1772 409 1843 lio'Lepido
430 1780 503 1826 hic
528 1779 667 1825 aedilis
688 1779 853 1825 curulis
874 1777 1043 1823 fuerat:
1072 1795 1097 1823 a
1124 1793 1215 1839 quo
1238 1775 1420 1822 consule

144 1857 327 1920 quintus
356 1873 497 1903 annus
526 1869 643 1910 crat.
665 1873 765 1902 cum
794 1855 829 1901 is
858 1855 947 1916 ipse
972 1854 1166 1916 Lepidus
1193 1851 1291 1914 post
1314 1853 1421 1898 duas

147 1933 338 1996 repulsas
371 1933 527 1980 consul
553 1932 690 1978 faffffls
718 1930 833 1977 effet.
863 1932 1078 1977 Praetores
1105 1931 1208 1977 inde
1238 1929 1336 1976 faffi
1359 1931 1422 1989 Q.

147 2011 336 2057 Fulvius
356 2011 535 2058 Flaccus
552 2045 565 2067 ‚
596 2013 656 2056 M.
681 2009 884 2054 Valerius
904 2008 1137 2065 Laevinus,
1160 2007 1205 2054 P.
1228 2007 1422 2053 Manlius

148 2089 344 2144 iterum,
374 2089 440 2134 M.
471 2087 697 2150 Ogulnius
741 2086 927 2144 Gallus,
962 2089 1009 2133 L.
1047 2085 1258 2132 Caecilius
1289 2086 1422 2132 Den-

148 2179 216 2212 ter
233 2203 246 2224 ,
275 2167 330 2212 C.
355 2166 595 2211 Terentius
622 2165 738 2212 lstra.
774 2166 1050 2228 Supplicatio
1069 2177 1274 2211 extremo
1301 2181 1422 2210 anno

149 2243 234 2291 fuit
256 2243 564 2307 prodigiorum
588 2244 715 2290 causa
732 2261 744 2299 ;
764 2245 889 2307 quod
912 2244 1117 2308 sanguine
1140 2260 1216 2304 per
1236 2242 1422 2288 biduum

150 2321 304 2384 pluiffe
336 2323 379 2367 in
417 2340 514 2369 area
552 2323 827 2369 Concordiae
859 2322 958 2369 satis
989 2321 1258 2376 credebant3
1303 2338 1423 2368 nun-

152 2399 397 2463 tiatumque
425 2413 541 2457 erat,
568 2401 684 2447 haud
716 2400 880 2465 procul
907 2399 1056 2447 Sicilia
1084 2398 1299 2458 insulam,
1324 2414 1422 2462 quae
