1618 2715
324 123 877 172 HISTORIARUM
911 124 1039 170 LIB.
1074 124 1191 171 XLI.
1306 140 1398 188 431

119 242 189 278 ret
205 265 217 288 ‚
238 246 339 278 eum
359 230 766 278 manumittendum
784 246 879 277 non
903 228 1186 278 censuerunt.
1222 231 1332 278 Haec
1350 231 1403 278 in

118 302 348 365 posterum
382 301 508 350 causa
534 301 732 366 jurisque
766 301 903 349 dictio
929 302 983 349 C.
1003 300 1198 348 Claudio
1228 301 1404 350 consuli

121 372 299 419 decreta
324 372 401 422 est.

185 448 245 493 X.
278 448 407 495 Dum
436 448 533 496 haec
551 449 712 495 Romae
740 458 978 512 geruntur,
1010 449 1076 495 M.
1095 447 1252 496 Junius
1280 451 1329 497 &
1348 452 1404 497 A.

121 519 352 577 Manlius,
382 521 460 583 qui
490 523 640 585 priore
674 537 796 568 anno
824 517 1030 568 consules
1061 521 1239 568 fuerant
1257 557 1271 580 ‚
1302 539 1405 569 cum

105 592 342 655 ·Aquilejae
355 593 677 650 hibernassent,
696 593 926 657 principio
947 592 1066 640 veris
1086 594 1133 640 in
1151 593 1262 641 fines
1282 595 1405 642 Istro·

122 682 225 712 rum
254 668 502 715 exercitum
521 668 892 716 introduxerunt:
924 667 1002 714 ubi
1028 685 1133 715 cum
1155 668 1289 714 effuse
1316 686 1406 732 po—

124 738 419 800 pularentur,
456 742 592 787 dolor
622 741 759 804 magis
793 741 845 788 &
879 739 1131 802 indignatio
1168 741 1302 803 diripi
1339 758 1409 787 res

125 808 223 856 suas
243 825 475 859 cernentes
492 813 649 871 Istros,
670 829 805 876 quam
823 823 942 858 certa
963 812 1056 874 spes
1071 848 1085 869 ‚
1116 812 1214 859 satis
1236 813 1316 859 fibi
1334 815 1410 859 vi-

126 881 244 928 rium
279 884 489 931 adversus
523 886 636 932 duos
668 885 916 941 exercitus,
950 885 1136 932 excivit.
1182 885 1411 932 concursu

90 980 104 1002 μ
127 971 186 1000 ex
220 956 432 1004 omnibus
464 960 645 1021 populis
680 957 934 1020 juventutis
971 958 1116 1016 fabio,
1147 959 1411 1022 repentinus

125 1028 178 1073 &
208 1029 525 1075 tumultuarius
567 1031 788 1076 exercitus
830 1029 976 1076 acrius
1010 1030 1159 1092 primo
1202 1032 1373 1094 impetu
1393 1068 1409 1089 ,

123 1115 259 1162 quam
287 1100 673 1163 perseverantius,
693 1104 927 1165 pugnavit.
955 1104 1024 1149 Ad
1049 1116 1246 1166 quatuor
1270 1104 1410 1149 millia

125 1188 286 1220 eorum
311 1173 358 1221 in
381 1174 475 1222 acie
493 1175 628 1222 caesa:
654 1175 820 1232 ceteri,
844 1175 1005 1221 omisso
1033 1175 1156 1221 bello
1172 1210 1186 1231 ,
1209 1173 1256 1219 in
1289 1174 1411 1220 civi-

127 1256 241 1291 tates
275 1246 428 1308 paffim
463 1247 752 1311 diffugerunt.
793 1248 897 1292 inde
927 1247 1095 1310 legatos
1127 1245 1323 1307 primum
1357 1246 1413 1292 nd

126 1334 282 1379 pacem
310 1319 547 1381 petendam
572 1319 619 1364 in
639 1319 778 1367 castra
797 1320 1027 1375 Romana,
1054 1316 1216 1363 deinde
1238 1316 1414 1362 obsides

128 1388 402 1451 imperatos,
434 1389 662 1436 miserunt.
697 1391 807 1436 Haec
838 1405 938 1435 cum
963 1389 1123 1433 Romae
1153 1386 1333 1448 cognita
1359 1387 1414 1433 li·-

129 1464 237 1510 teris
269 1465 596 1527 proconsulum
615 1464 774 1521 essent,
801 1464 853 1509 C.
875 1460 1091 1508 Claudius
1117 1459 1306 1516 consul,
1329 1475 1413 1507 ve⁹

131 1537 277 1594 ritus,
316 1554 372 1584 ne
409 1537 529 1584 forte
563 1554 613 1584 ea
647 1553 716 1583 res
750 1535 1038 1599 provinciam
1072 1532 1415 1595 exercitumque

130 1609 213 1656 fibi
233 1608 476 1666 adimeret,
507 1626 602 1655 non
623 1608 747 1656 votis
776 1605 1073 1668 nttnctipati5‚
1106 1621 1202 1650 non
1230 1605 1416 1666 paludem

132 1693 234 1738 tus,
272 1682 362 1729 fine
395 1681 627 1727 li&oribtis
649 1716 663 1737 ‚
697 1695 791 1726 uno
824 1678 1036 1739 *omnium
1073 1676 1265 1724 certiore
1298 1675 1417 1722 fusto

131 1754 337 1817 collega,
363 1754 495 1800 noete
526 1752 785 1816 profectus,
816 1767 1015 1814 praeceps
1046 1749 1093 1797 in
1128 1748 1415 1813 provinciam

134 1826 274 1874 abiit:
310 1826 386 1873 ubi
420 1825 749 1882 inconsultius,
786 1841 919 1889 quam
951 1834 1166 1881 venerat,
1197 1822 1240 1868 se
1279 1822 1418 1885 gessit.

135 1916 266 1957 nam,
299 1917 403 1947 cum
434 1900 663 1947 concione
694 1900 918 1947 advocata
949 1897 1100 1960 fugam
1132 1913 1156 1942 e
1187 1895 1337 1942 castris
1375 1900 1421 1944 Aa

135 1971 298 2017 Manlii
319 1971 514 2018 adversis
537 1972 722 2018 auribus
746 1971 940 2017 rnilitum
964 1969 1162 2034 (quippe
1185 1969 1263 2031 qui
1289 1970 1418 2031 primi

136 2042 219 2104 ipsi
239 2043 471 2107 fugissent)
497 2043 687 2105 jaetaffet
704 2079 717 2101 ,
738 2042 1062 2107 ingeffiss'etque
1083 2041 1246 2103 probra
1265 2042 1329 2085 M.
1344 2042 1423 2086 Ju=

137 2114 221 2160 nio
242 2150 256 2172 ‚
294 2117 420 2178 quod
451 2116 495 2163 se
529 2115 762 2162 dedecoris
799 2115 972 2162 socium
1005 2114 1190 2176 collegae
1224 2112 1422 2166 fecisset',

137 2188 195 2235 ad
223 2202 474 2236 extremum
500 2201 740 2252 utrumque
775 2187 988 2234 decedere
1016 2185 1258 2248 provincia
1290 2183 1423 2246 juffit„

139 2263 284 2322 Quod
319 2279 420 2309 cum
448 2256 611 2309 milites
632 2261 828 2308 consulis
861 2260 1056 2322 imperio
1082 2259 1202 2305 dicto
1232 2257 1422 2304 audien-

140 2350 207 2381 tes
237 2336 415 2383 futuros
442 2336 525 2382 effe
553 2335 783 2391 dicerent,
818 2351 920 2381 cum
947 2333 983 2379 is
1011 2349 1137 2380 more
1167 2330 1422 2392 majorum,

141 2408 386 2457 secundum
409 2423 518 2462 vota
545 2409 593 2458 in
611 2408 846 2473 Capitolio
864 2419 1120 2471 nuncupata
1131 2443 1148 2467 ,
1170 2422 1272 2454 cum
1290 2405 1422 2454 listo-
