1618 2715
199 108 254 153 28
552 108 1119 154 TITILIVII

190 225 288 259 tum
310 207 470 259 factum
492 213 573 270 est,
594 226 641 259 ut
664 215 725 260 M.
747 212 927 259 Fulvius
949 225 1117 275 praetor
1137 211 1284 259 literas
1304 223 1478 259 extem-

195 286 275 348 plo
309 286 363 332 ad
402 286 633 332 consulem
668 286 889 342 mitteret,
924 285 1085 347 quibus
1121 284 1288 332 certior
1323 283 1480 343 fieret,

197 358 364 406 senatui
394 360 600 422 placere,
628 358 866 422 provincia
893 357 1185 420 exercituque
1219 358 1382 404 tradito
1415 358 1483 404 le-

195 431 330 493 gatis,
355 433 547 479 Romam
576 431 743 478 reverti
773 447 873 477 eum
891 466 905 488 ‚
935 432 982 477 ὅ(
1008 447 1063 476 ex
1092 431 1249 477 itinere
1280 431 1482 493 praemit-

196 517 289 551 tere
315 505 507 551 ediClum
523 541 537 563 ‚
566 521 660 568 quo
681 503 866 550 comitia
884 501 1140 549 consulibus
1162 503 1363 549 creandis
1387 503 1483 549 edi-

198 591 331 625 ceret.
349 579 500 625 Paruit
518 579 584 625 his
605 577 744 624 literis
764 575 952 634 consul,
970 577 1043 632 &,
1063 576 1287 638 praemiffo
1307 577 1482 633 edicto,

196 656 391 706 Romam
432 653 572 699 venit.
609 654 676 699 Eo
714 666 898 713 quoque
939 666 1060 695 anno
1097 666 1256 712 magna
1293 650 1484 696 ambitio

199 724 285 770 fuit
302 761 314 782 ‚
335 725 460 787 quod
482 722 658 786 patricii
685 735 771 767 tres
801 721 846 774 in
875 736 1015 765 unum
1043 719 1195 765 locum
1223 721 1449 783 petierunt
1466 752 1483 776 ,

198 796 246 841 P.
271 795 512 842 Cornelius
533 797 618 841 Cn.
641 796 684 840 F.
707 792 857 855 Scipio
874 828 886 849 ,
908 791 986 854 qui
1011 791 1161 853 priore
1184 809 1307 837 anno
1329 794 1484 854 repul·-

201 867 289 915 sam
319 861 505 926 tulerat,⁴
528 869 576 915 &
601 869 650 915 L.
671 865 915 914 Cornelius
941 864 1094 927 Scipio
1113 900 1128 922 ,
1157 866 1206 912 &
1236 865 1322 911 Cn.
1350 867 1485 911 Man-

201 940 288 987 lius
308 940 462 987 Vulso.
495 941 541 987 P.
564 937 795 1001 Scipioni,
824 949 873 982 ut
901 936 1086 982 dilatum
1116 934 1223 981 viro
1252 936 1357 994 tali,
1389 952 1486 983 non

201 1026 406 1077 negatum
423 1050 435 1071 ‚
458 1014 682 1060 honorem
705 1022 960 1073 appareret,
982 1007 1239 1055 consulatus
1259 1010 1384 1055 datus
1408 1009 1486 1058 est.

200 1088 378 1134 additur
408 1088 448 1134 ei
482 1087 534 1134 de
565 1087 694 1149 plebe
731 1085 931 1146 collega,
963 1083 1038 1129 Μ’.
1073 1082 1245 1129 Acilius
1279 1083 1487 1131 Glabrio.

202 1161 397 1209 Postero.
408 1161 478 1207 die
498 1173 711 1224 praetores
731 1158 889 1215 creati,
912 1160 959 1203 L.
976 1156 1183 1203 AEmilius
1203 1157 1402 1214 Paullus,
1421 1159 1489 1204 M.

201 1235 408 1282 AEtnilius
436 1234 628 1297 Lepidus
647 1269 660 1290 ,
683 1236 746 1279 M.
773 1231 927 1280 Junius
954 1233 1140 1287 Brutus,
1160 1233 1214 1276 A.
1246 1231 1491 1278 Cornelius

203 1308 450 1355 Mammula
466 1344 479 1365 ,
499 1310 552 1354 C.
574 1307 749 1358 Livius,
770 1306 819 1352 ὅ(
843 1307 889 1350 L,
907 1302 1112 1365 Oppius3
1131 1302 1311 1366 utrique
1329 1306 1489 1349 eorum

203 1379 427 1426 Salinator
446 1396 704 1443 cognomen
731 1390 837 1424 erat.
870 1376 1049 1437 Oppius
1072 1375 1106 1420 is
1131 1386 1250 1432 erat,
1273 1376 1349 1439 qui
1378 1374 1489 1422 clas-

205 1451 292 1497 sem
326 1451 509 1515 triginta
544 1451 727 1497 navium
762 1449 809 1494 in
847 1448 1041 1494 Siciliam
1071 1447 1269 1494 duxerat.
1307 1446 1490 1493 Interim

207 1525 312 1571 dum
345 1526 460 1572 novi
495 1524 773 1588 magistratus
804 1522 1072 1568 sortirentur
1106 1520 1395 1582 provincias,
1426 1521 1493 1566 M.

207 1598 381 1645 Baebius
400 1615 423 1643 a
452 1596 687 1644 Brundisio
711 1612 810 1641 cum
833 1592 1043 1639 omnibus
1069 1592 1213 1655 copiis
1243 1592 1425 1638 transire
1443 1591 1493 1637 in

208 1670 395 1732 Epirum
417 1670 478 1716 est
496 1669 628 1729 juffus
643 1705 658 1727 ‚
679 1670 729 1715 &
750 1667 866 1714 circa
885 1665 1180 1728 Apolloniam
1203 1664 1355 1727 copias
1377 1681 1493 1711 con-

210 1745 373 1792 tinere:
389 1747 436 1793 &
449 1747 512 1791 M.
526 1743 686 1790 Fulvio
702 1739 888 1804 ptaetori
901 1739 1074 1785 urbano
1091 1739 1324 1802 negotium
1339 1739 1494 1785 datum

209 1815 293 1873 est,
309 1829 356 1862 ut
376 1816 723 1878 quinqueremes
741 1827 886 1858 novas
904 1809 1230 1873 quinquaginta
1250 1808 1429 1856 faceret.

275 1889 426 1934 XXV.
463 1890 518 1932 Et
554 1885 748 1948 populus
781 1882 961 1945 quidem
998 1882 1230 1927 Romanus
1267 1880 1328 1927 ita
1363 1879 1404 1926 se
1439 1879 1496 1925 ad

212 1976 370 2006 cinnes
406 1971 601 2007 conatus
639 1956 859 2004 Antiochi
901 1955 1189 2017 praeparabat.
1232 1950 1370 1997 Nabis
1405 1949 1495 2011 jam

213 2049 309 2079 non
339 2032 567 2079 differebat
587 2031 756 2078 bellum
772 2066 787 2087 ‚
807 2028 880 2075 sed
898 2028 1066 2074 summa
1096 2026 1144 2073 vi
1164 2023 1388 2088 Gythium
1410 2039 1497 2085 op·-

213 2106 461 2168 pugnabam
488 2106 535 2152 ὃ(
554 2141 568 2162 ‚
595 2102 789 2150 infensus
812 2101 986 2164 Achaeis
1003 2137 1015 2158 ‚
1037 2100 1160 2163 quod
1186 2097 1393 2144 miserant
1410 2098 1497 2142 ob-

214 2178 328 2224 scflis
347 2178 594 2241 praesidium
607 2214 620 2235 ‚
639 2193 770 2241 agros
789 2193 949 2222 eorum
969 2174 1182 2222 vastabat.
1202 2171 1378 2229 Achaei,
1400 2187 1498 2216 non

215 2264 341 2297 antea
365 2252 452 2298 ausi
475 2250 690 2314 capefl'ere
715 2248 879 2295 bellum
894 2283 908 2304 ,
938 2265 1072 2311 quam
1099 2248 1153 2293 ab
1174 2248 1320 2293 Roma
1344 2259 1498 2289 rever-

218 2324 366 2371 tiffent
394 2324 560 2388 legati,
593 2339 670 2381 ut,
701 2322 809 2385 quid
843 2320 1014 2369 senatui
1047 2321 1269 2383 placeret,
1303 2316 1499 2371 scirent,

220 2397 322 2460 post
361 2398 554 2446 reditum
591 2396 843 2462 legatorum
877 2396 927 2444 &
960 2393 1208 2457 Sicyonem
1248 2387 1500 2439 concilium
