1618 2715
202 116 291 163 130
568 97 1124 144 T1T1L1V11

199 206 449 272 gistratibus
468 205 523 252 ad
540 203 782 251 dedendam
802 203 956 250 urbem
977 201 1198 266 proceffit.
1231 199 1337 248 Inde
1354 200 1481 266 Aby-

200 281 307 325 dum
341 277 520 338 trajeeta
549 276 702 323 claffis.
737 274 817 321 ubi
846 291 972 331 cum,
1008 272 1184 321 tentatis
1217 289 1295 336 per
1329 274 1480 321 collo-

199 352 305 415 quia
334 350 520 408 animis,
551 349 663 395 nihil
683 347 829 411 pacati
848 347 1223 410 responderetur,
1253 347 1309 394 ad
1329 363 1480 411 oppu-

201 425 462 490 gnationem
486 423 570 469 sese
597 422 907 485 expediebant.

269 500 328 546 X.
357 499 481 544 Dum
508 497 604 543 haec
624 496 670 541 in
695 495 988 558 Hellesponto
1017 505 1260 558 geruntur,
1280 492 1485 558 Polyxe-

202 572 329 618 nidas
348 569 493 632 regius
513 567 771 632 praefectus,
796 566 919 632 (erat
937 579 1082 613 autem
1105 567 1227 613 exsul
1246 566 1482 631 Rhodius)

200 660 309 692 cum
329 642 513 690 audifl'et
526 677 540 700 ,
572 640 815 704 profectam
845 639 899 686 ab
920 639 1060 685 domo
1081 639 1366 702 popularium
1386 638 1484 685 suo-

202 734 303 764 rum
341 715 512 762 classem
535 750 548 772 ‚
579 715 630 761 &
666 711 977 759 Pausistratum
1013 712 1270 775 praefec‘tum
1300 711 1486 775 superbe

200 789 408 853 quaedam
429 790 478 835 &
503 786 767 834 contemtim
796 785 843 831 in
863 784 905 832 se
936 785 1288 832 concionantem
1307 784 1487 843 dixiffe,

205 861 438 925 praecipuo
478 859 719 905 certamine
755 856 892 903 animi
931 855 1139 903 adversus
1173 873 1275 903 eum
1309 854 1488 915 sumto,

205 934 317 980 nihil
346 931 467 978 aliud
490 931 582 976 dies
604 930 841 992 no&esqt1e
864 928 1059 991 agitabat
1079 929 1230 975 animo
1251 964 1263 986 ,
1282 945 1416 992 quam
1437 940 1490 975 ut

205 1006 347 1052 verba
384 1002 614 1066 magnifica
651 1001 743 1062 ejus
779 1001 909 1046 rebus
945 999 1214 1047 confutaret.
1254 1001 1398 1047 Mittit
1436 999 1490 1046 ad

207 1095 311 1125 eum
345 1076 576 1122 hominem
613 1075 661 1121 ὃς
691 1073 756 1119 illi
787 1084 978 1132 notum,
1013 1073 1091 1137 qui
1126 1074 1294 1120 diceret
1314 1108 1328 1131 ‚
1360 1074 1492 1134 Ecse'z

207 1151 463 1216 Pauststraco
486 1150 712 1210 patriaeque
722 1150 815 1209 fitae
842 1165 994 1209 magno
1012 1147 1131 1208 ufici,
1146 1146 1197 1209 si
1212 1150 1358 1204 liceat,
1369 1145 1494 1204 sore;

208 1224 255 1272 ὅ·
268 1245 294 1271 α
310 1225 619 1291 Pauszstratose
638 1224 786 1288 restitui
806 1225 850 1267 in
867 1224 1050 1281 patriam
1064 1218 1190 1283 poffi.
1219 1219 1335 1265 Cum
1348 1254 1361 1276 ‚
1378 1234 1493 1281 quo-

209 1314 314 1344 nam
337 1295 478 1342 modo
500 1311 549 1341 ea
578 1293 676 1340 fieri
703 1294 908 1356 possent,
940 1291 1227 1338 mirabundus
1257 1289 1495 1337 Pausistra-

209 1383 282 1418 tus
301 1381 662 1432 percontaretur,
681 1366 812 1413 fidem
837 1365 1008 1429 petenti
1028 1365 1149 1412 dedit
1168 1364 1352 1428 agendae
1370 1379 1496 1410 com-

210 1445 405 1494 muniter
437 1442 532 1498 rei,
560 1454 636 1487 aut
662 1441 837 1487 silentio
863 1438 1079 1503 tegendae.
1116 1438 1236 1484 Tum
1256 1436 1496 1483 internun-

210 1518 299 1564 tius
320 1552 334 1573 ,
378 1518 531 1577 regiam
573 1512 730 1576 cla-fferre
766 1528 840 1558 aut
870 1529 1028 1570 totam,
1067 1527 1143 1557 aut
1173 1511 1371 1567 majorem
1406 1509 1499 1566 ejus

207 1609 365 1654 partem
394 1625 409 1646 ,
446 1592 764 1649 Posymnidam
804 1590 1054 1633 traditurum
1087 1588 1138 1631 ei.
1174 1586 1355 1645 pretium
1389 1586 1500 1628 tanti

213 1666 349 1711 meriti
367 1667 530 1708 nullum
559 1665 680 1707 aliud
690 1662 850 1722 pacisci
863 1696 878 1717 ,
897 1677 1020 1720 quam
1039 1661 1213 1704 reditum
1232 1659 1278 1702 in
1293 1657 1498 1717 patriam.

214 1736 485 1800 'Magnitudo
506 1735 570 1781 rei
589 1771 601 1790 ,
634 1751 717 1780 nec
739 1748 785 1779 ut
813 1732 1014 1779 crederet
1030 1767 1040 1787 ‚
1077 1747 1159 1776 nec
1177 1740 1226 1775 ut
1244 1726 1500 1791 aspernare-

213 1822 289 1857 tur
321 1810 464 1865 dieta,
501 1808 664 1855 effecit.
700 1809 972 1854 panormum
1011 1804 1168 1851 Samiae
1198 1816 1327 1850 terrae
1358 1804 1500 1866 petit:

215 1881 370 1945 ibique
400 1882 454 1928 ad
482 1880 804 1943 explorandam
825 1896 917 1943 rem
933 1915 945 1936 ‚
966 1894 1064 1941 quae
1092 1876 1243 1923 oblata
1263 1887 1382 1932 erat,
1403 1874 1501 1921 sub-

215 1954 337 2001 stitit.
376 1954 511 2001 Ultro
534 1954 743 2016 citroque
765 1953 912 1998 nuntii
939 1951 1136 1998 cursare:
1162 1966 1245 1995 nec
1273 1947 1382 1995 fides
1400 1959 1504 1995 ante

216 2027 486 2074 Pausistrato
516 2026 626 2072 facta
654 2026 715 2071 est
732 2062 744 2084 ‚
776 2044 910 2089 quam
932 2041 1085 2071 coram
1114 2022 1279 2070 nuntio
1305 2020 1398 2082 ejus
1415 2021 1504 2067 Po-

217 2101 456 2164 lyxenidas
492 2101 563 2147 sua
599 2117 733 2146 manu
778 2102 819 2146 sc
848 2100 1044 2161 ipfit‚se
1072 2117 1144 2152 ea,
1174 2116 1258 2157 quae
1288 2096 1504 2156 pollicitus

216 2172 334 2236 efflet,
356 2173 569 2230 sbc‘h‘rum
588 2208 599 2228 ‚
628 2171 848 2234 signoque
876 2172 954 2216 suo
981 2168 1206 2232 impressas
1227 2167 1405 2213 tabellas
1425 2166 1505 2210 mi-

215 2247 286 2292 iit.
320 2248 391 2296 Eo
414 2262 527 2290 vero
561 2243 750 2307 pignore
780 2243 905 2287 velut
930 2243 1206 2288 auctoratum
1239 2239 1317 2284 fibi
1347 2238 1506 2300 prodi-

218 2327 367 2363 torem
402 2331 521 2362 ratus
554 2317 629 2361 est.
672 2317 832 2378 Neque
867 2314 986 2360 enim
1023 2330 1158 2368 eum,
1187 2311 1264 2373 qui
1294 2310 1370 2356 sub
1405 2326 1506 2372 rege

220 2389 431 2446 viveret,
468 2389 808 2437 commiffurum
848 2387 1004 2446 fuiffe,
1044 2397 1093 2432 ut
1123 2380 1333 2432 adversus
1372 2381 1508 2430 semet
