1618 2715
208 108 299 156 332
557 90 1150 138 T1T1L1vtt.

206 197 402 244 duffiim.
428 213 528 243 eum
565 213 751 259 puerum
770 231 782 253 ,
808 212 888 257 per
914 195 1138 243 lasciviam
1168 211 1272 242 cum
1304 193 1488 242 cavilla--

205 281 358 325 ¹retur,
387 269 662 332 exprobrare
695 267 870 316 consuli
905 268 1097 331 persaepe
1130 268 1338 325 solitum,
1361 266 1490 330 quod

206 343 286 388 sub
318 342 460 405 ipsum
498 342 794 405 speetaculum
837 340 1148 405 gladiatorium
1189 341 1401 387 abdufhls
1434 338 1491 386 ab

206 419 353 463 Roma
372 418 501 474 effet,
520 429 568 463 ut
586 416 850 480 obsequium
870 415 1061 463 amatori
1081 415 1348 461 venditaret.
1380 416 1489 459 For·-

204 503 249 535 te
269 489 653 551 epulantibusiis,
672 505 773 536 cum
804 487 891 548 jam
914 488 1028 533 vino
1050 487 1325 533 incaluissent
1341 520 1354 543 ,
1377 500 1494 530 nun·

206 562 365 608 tiatum
392 560 439 607 in
469 562 694 608 convivio
716 560 802 608 effe
819 596 832 617 ‚
852 559 1052 608 nobitessm
1071 558 1233 620 Boium
1253 576 1353 605 curn
1376 557 1494 603 libe-

206 633 266 679 ris
292 633 564 697 transfugam
590 633 786 688 veniffe3
822 631 1074 680 convenire
1096 631 1324 678 consulem
1342 629 1494 686 velle,

205 720 256 752 ut
276 706 330 752 ab
347 725 402 754 eo
422 705 555 753 fidem
575 705 765 769 praesens
786 705 1022 768 acciperet.
1045 703 1349 750 IntroduRum
1368 701 1414 747 in
1434 714 1494 747 ta-

207 780 498 826 bernaculum
527 796 607 842 per
627 779 912 841 interpretem
943 777 1118 841 alloqui
1148 775 1377 823 consulem
1398 791 1495 821 coe-

210 852 331 914 piffe.
368 855 486 899 Inter
520 850 648 913 cujus
677 851 927 898 sermonem
949 849 1189 910 Quinctius
1209 848 1388 905 scorto,
1415 850 1497 893 Vis

211 943 281 982 tu,
302 925 452 979 inquit
465 962 478 981 ,
498 927 693 986 quoniam
711 927 1009 986 gladiatorium
1027 922 1307 984 speffaculum
1331 922 1496 980 reliqui-

198 1000 288 1064 sti,
309 998 409 1054 jam
437 1001 545 1043 lzzmc
581 998 753 1043 Gallum
784 998 1017 1042 morientem
1043 995 1216 1042 videre?
1247 994 1302 1038 Et
1329 994 1430 1039 cum
1459 990 1496 1037 is

211 1071 402 1118 vixdum
423 1070 537 1117 serio
560 1070 809 1128 annuisset,
829 1071 883 1116 ad
914 1082 1071 1116 nutum
1098 1066 1234 1115 scorti
1264 1065 1497 1113 consulem

228 1144 363 1190 Iristo
394 1143 543 1208 gladio
561 1179 573 1201 ,
597 1143 674 1206 qui
705 1142 833 1205 super
859 1153 994 1204 caput
1017 1140 1267 1203 pendebat,
1289 1136 1496 1201 quuenti

211 1216 350 1263 Gallo
385 1230 519 1279 caput
550 1215 742 1278 primum
782 1213 1052 1276 percuffiffe,
1086 1211 1246 1258 deinde
1280 1208 1498 1273 fugienti,

214 1290 438 1351 fidemque
473 1288 634 1352 populi
664 1288 888 1344 Romani,
914 1298 1046 1349 atque
1073 1301 1233 1331 eorum
1251 1319 1266 1343 ,
1287 1284 1367 1346 qui
1392 1282 1498 1329 ade·-

214 1378 313 1413 rant
331 1401 344 1423 ,
364 1363 651 1427 imploranti,
671 1363 786 1409 latus
815 1359 1112 1407 transfodisse.

279 1442 435 1487 XLIII.
465 1439 670 1486 Valerius
694 1437 869 1495 Antias,
892 1448 942 1482 ut
971 1435 1046 1499 qui
1072 1451 1155 1481 nec
1186 1431 1376 1480 Catonis
1395 1439 1500 1477 ora-‘

215 1513 388 1560 vtionem
415 1512 609 1576 legisset,
633 1513 682 1558 &
702 1510 863 1557 fabulae
881 1520 1057 1556 tantum
1086 1509 1176 1554 fine
1203 1508 1383 1554 au&0re
1403 1503 1500 1551 edi-

216 1598 275 1631 tae
309 1585 559 1632 credidisset
576 1621 588 1641 ‚
611 1583 734 1630 aliud
756 1594 1069 1647 argumentum
1085 1616 1098 1637 ,
1118 1580 1257 1627 simile
1285 1591 1431 1625 tamen
1450 1577 1502 1622 &

216 1660 404 1705 libidine
425 1660 475 1706 &
504 1655 765 1705 crudelitate
780 1691 793 1714 ‚
814 1656 993 1720 peragit.
1030 1653 1264 1702 Placentiae
1285 1649 1500 1698 famosam

216 1732 468 1789 mulierem,
489 1729 618 1791 cujus
638 1746 792 1776 amore
811 1728 1055 1790 deperiret,
1074 1727 1121 1772 in
1141 1722 1408 1773 convivium
1430 1738 1503 1768 ar-

219 1804 411 1852 ceffitam
444 1803 611 1850 scribit.
644 1802 704 1848 ibi
730 1800 966 1863 jaetantem
991 1799 1077 1846 sese
1101 1798 1252 1845 scorto
1283 1797 1399 1843 inter
1426 1811 1501 1843 ce-

219 1891 313 1926 tera
334 1878 526 1925 retulisse
541 1913 554 1935 ,
577 1894 709 1940 quam
732 1875 894 1922 acriter
917 1872 1183 1938 quaestiones
1211 1868 1503 1924 exercuisset,

220 1953 270 1999 δε
292 1969 424 2014 quam
452 1951 620 1998 multos
641 1948 796 2012 capitis
822 1948 1056 1995 damnatos
1077 1945 1122 1992 in
1146 1942 1342 1992 vinculis
1363 1941 1506 1993 habe-¹

224 2038 316 2082 ret,
340 2042 457 2089 quos
484 2024 623 2072 securi
651 2023 931 2087 percussurus
955 2022 1071 2068 effer.
1100 2019 1219 2066 Tum
1245 2016 1367 2063 illam
1387 2013 1503 2061 infra

220 2117 324 2146 eum
363 2099 656 2146 accubantem
699 2096 869 2161 negaffe
892 2132 904 2155 ,
938 2110 1134 2157 unquam
1169 2089 1325 2138 vidiffe
1358 2102 1505 2151 quen·-

220 2190 354 2234 quam
390 2171 532 2219 securi
555 2170 786 2216 ferientem
802 2205 818 2226 ,
842 2169 891 2216 &
921 2165 1124 2231 pervelle
1151 2163 1196 2210 id
1220 2162 1390 2210 videre.
1415 2158 1504 2205 Hic

222 2245 526 2308 indulgentem
554 2254 799 2290 amatorem
817 2277 830 2298 ,
856 2257 996 2286 unum
1027 2256 1083 2286 ex
1111 2237 1196 2283 illis
1220 2233 1416 2287 miseris,
1435 2247 1503 2279 at·-

221 2317 337 2363 trahi
370 2316 527 2378 jussum
546 2353 560 2374 ,
590 2314 733 2363 securi
765 2312 1026 2376 percuffiffe.
1070 2309 1286 2365 Facinus,
1317 2306 1409 2353 five
1443 2321 1500 2352 eo

224 2390 366 2437 inodo
380 2425 395 2450 ,
416 2406 509 2454 quo
532 2388 691 2439 censor
711 2385 907 2451 objecit,
923 2385 1018 2435 five
1026 2419 1042 2446 ,
1061 2395 1109 2431 ut
1131 2379 1334 2430 Valerius
1351 2375 1501 2436 tradit,

1614 164 1616 233 j
