1618 2715
190 127 278 175 192
550 107 1112 157 TITILIVII

185 219 235 264 L.
257 215 460 264 AEmilius
480 215 687 274 Paullus,
719 214 797 278 qui
827 214 982 278 postea
1012 231 1173 279 regetm
1191 213 1345 262 Persea
1371 223 1470 265 mas<
1537 241 1541 243 ·

186 308 273 355 gna
304 291 445 355 gloria
478 290 622 350 vicit,
658 307 760 338 cum
784 290 937 352 priore
958 307 1080 337 anno
1108 292 1229 338 haud
1260 290 1469 353 prospere

186 382 281 411 rem
304 364 511 427 geffiffet,
532 363 825 410 tumultuario
853 356 1056 410 exercitu
1085 363 1309 420 coneo-0,
1338 362 1471 427 fignis

186 437 363 484 collatis
383 454 485 483 cum
507 435 723 482 Lusitanis
746 436 983 498 pugnavit.
1004 439 1034 482 F
1038 435 1100 482 usi
1120 436 1349 500 fugatique
1369 436 1472 483 sunt

185 509 347 555 hostes.
374 508 480 555 caesa
500 504 729 555 decem'&
760 509 868 555 octo
886 507 1028 554 millia
1057 520 1357 564 armatorum3
1387 507 1471 554 tria

185 583 328 629 millia
357 583 547 629 trecenti
583 583 732 645 capti,
770 584 820 630 &
855 581 992 630 castra
1023 585 1288 646 expugnata.
1327 581 1473 643 Hujus

187 656 531 703 vi&0riae1'ama
561 655 894 720 tranquilliores
919 655 983 701 in>
995 655 1212 718 Hispania
1246 672 1316 703 res
1349 655 1470 702 fecit,

186 730 364 776 Eodem
386 746 507 777 anno
533 742 635 775 ante
654 729 769 775 diem
794 728 975 775 tertium
996 728 1224 776 Kalendas
1243 724 1473 777 Ianuarias

187 801 442 849 Bononiam
464 802 664 849 Latinam
686 801 916 848 coloniam
938 817 995 847 ex
1020 800 1402 850 senatusconsulto
1422 803 1474 849 L.

188 875 395 921 Valerius
427 875 632 931 Flaccus,
665 877 730 922 M.
750 874 913 923 Atilius
934 876 1173 933 Serranus,
1194 877 1242 921 L.
1263 874 1472 921 Valerius

187 949 376 1011 Tappus
397 947 620 995 triumviri
638 947 931 993 deduxerunt.
967 947 1051 993 tria
1077 946 1218 993 millia
1235 947 1473 995 hominum

188 1022 288 1069 sunt
315 1021 521 1067 deducia:
562 1020 783 1083 equitibus
811 1019 1074 1082 septuagena
1099 1017 1250 1082 jugera
1268 1055 1282 1079 ‚
1313 1018 1474 1066 ceteris

149 1132 153 1136 -
185 1095 366 1144 colonis
386 1095 695 1159 quinquagena
714 1094 813 1140 sunt
833 1094 945 1140 data.
976 1094 1093 1155 Ager
1113 1104 1270 1155 captus
1291 1093 1344 1139 de
1363 1092 1474 1139 Gal-

188 1170 241 1217 lis
270 1169 393 1232 Bojis
422 1169 590 1216 fuerat:
625 1169 746 1216 Galli
773 1168 948 1216 Tuscos
983 1165 1266 1228 expulerant.
1300 1166 1475 1211 Eodem

190 1261 312 1290 anno
340 1243 567 1292 censuram
594 1242 722 1288 multi
756 1243 805 1289 δε
835 1240 942 1287 clari
973 1239 1064 1285 viri
1097 1238 1336 1301 petierunt.
1372 1255 1472 1303 quae

190 1335 285 1377 res,
316 1329 526 1380 tanquam
548 1316 594 1362 in
618 1315 660 1362 se
685 1331 840 1378 parum
861 1311 1006 1374 magni
1027 1311 1280 1358 certaminis
1302 1309 1475 1357 causam

187 1393 373 1439 haberet
388 1426 401 1447 ,
423 1390 555 1436 aliam
577 1387 924 1435 contentionem
944 1385 1090 1432 multo
1112 1381 1328 1445 majorem
1347 1382 1474 1429 exci-

191 1465 321 1516 tavit.
358 1464 573 1510 Petebant
597 1462 651 1508 T.
681 1460 922 1521 Quinctius
953 1457 1256 1515 Flamininus,
1282 1458 1330 1503 Ρ.
1351 1457 1477 1502 Cor-

190 1539 336 1588 nelius
358 1538 444 1584 Cn.
465 1539 511 1583 F.
533 1535 701 1597 Scipio.
734 1535 781 1580 L.
798 1531 1005 1577 Valerius
1033 1530 1214 1577 Flaccus
1231 1566 1244 1588 ,
1275 1531 1340 1578 M.
1360 1531 1476 1576 Por·-

191 1614 287 1661 cius
306 1612 424 1658 Cato
441 1645 454 1668 ,
476 1611 539 1656 M.
559 1607 772 1654 Claudius
791 1604 1032 1651 Marcellus
1045 1640 1059 1662 ,
1079 1603 1156 1650 Μ’.
1171 1603 1343 1650 Acilius
1361 1602 1475 1649 Gla-

190 1686 295 1738 brio
311 1721 326 1742 ,
359 1683 439 1750 qui
459 1681 739 1729 Antiochum
765 1679 820 1725 acl
845 1675 1182 1740 Thermopylas
1206 1675 1477 1738 AEtolosque

192 1758 435 1807 devicerat.
461 1756 507 1802 in
527 1756 651 1801 hunc
670 1753 863 1800 maxime
880 1788 894 1810 ,
923 1751 1049 1814 quod
1075 1751 1211 1795 multa
1243 1749 1492 1814 congiaria·

193 1832 436 1888 habuerat,
465 1828 631 1892 quibus
659 1843 864 1890 magnam
896 1836 1068 1887 partem
1089 1823 1326 1869 hominum
1353 1823 1476 1870 obli-

195 1915 408 1969 gaverat,
440 1901 575 1948 favor
602 1900 760 1963 populi
783 1898 825 1945 se
854 1896 1111 1944 inclinabat.
1149 1895 1196 1941 Id
1231 1912 1333 1941 cum
1361 1911 1477 1958 aegre

195 1988 453 2042 paterentur
484 1985 556 2021 tot
589 1973 764 2019 nobiles
780 2007 793 2027 ,
815 1987 989 2017 novum
1015 1968 1096 2015 fibi
1126 1968 1361 2015 hominem
1380 1980 1479 2014 tan·

194 2064 291 2099 tum
321 2044 547 2112 praeferri3
579 2048 626 2094 P.
644 2044 937 2107 Sempronius
956 2042 1191 2090 Gracchus
1211 2044 1259 2089 ἃ
1281 2043 1337 2088 C.
1354 2042 1477 2088 Sem-

193 2125 385 2190 pronius
401 2122 605 2180 Rutilus,
639 2119 808 2167 tribuni
837 2116 1007 2181 plebis,
1042 2117 1082 2163 ei
1103 2115 1220 2162 diem
1240 2114 1481 2171 dixerunt,

194 2200 319 2262 quod
349 2195 553 2260 pecuniae
579 2194 709 2257 regiae
728 2192 978 2255 praedaeque
1003 2189 1276 2252 aliquantum
1292 2223 1305 2244 ,
1337 2198 1479 2249 captae

196 2274 242 2319 in
265 2270 481 2318 Antiochi
501 2267 648 2316 castris
663 2304 676 2326 ,
703 2283 849 2329 neque
869 2265 916 2312 in
935 2264 1170 2325 triumpho
1190 2260 1375 2318 tulisset,
1396 2276 1523 2310 ηεο,

197 2362 285 2408 que
311 2345 357 2390 in
387 2342 591 2389 aerarium
615 2339 840 2387 retuliffet.
872 2338 1008 2383 Varia
1030 2334 1284 2382 testimonia
1305 2333 1480 2398 legato-

194 2436 295 2472 rum
319 2418 696 2479 tribunorumque
723 2413 916 2464 militum
943 2422 1083 2459 erant.
1131 2410 1193 2457 M.
1225 2409 1342 2456 Cato
1376 2418 1481 2455 ante
