1618 2715
260 120 809 169 H1STOR1ARUM
842 119 968 167 LIB.
1001 117 1261 165 XXXVIIL
1328 133 1417 184 225

60 287 66 295 .
129 227 274 294 ipsum
297 228 509 292 juvenem
538 225 671 287 juffit.
703 224 950 288 equitatum
971 240 1082 273 ‘cum
1103 224 1353 286 elephantis
1372 225 1422 273 in

134 302 343 364 proxima
379 297 561 346 tumulis
596 298 782 362 planitie
820 297 1015 361 reliquit.
1059 295 1262 344 Edictum
1302 315 1425 359 prae-

133 375 257 429 feffis
278 409 292 433 ,
325 385 375 420 ut
405 373 599 430 intenti,
627 370 744 433 ,quid
767 371 936 433 ubique
965 379 1144 433 geratur
1162 405 1176 428 ‚
1214 369 1421 416 animad-

132 457 340 503 vertant3
372 461 599 509 opemque
628 443 765 502 ferre,
798 459 892 506 quo
909 441 1151 506 postulent
1178 458 1272 502 res,
1307 453 1425 505 pro-j

129 530 321 638 Pegggl.
354 584 510 643 Galli,
550 583 728 633 duobus
755 582 968 632 lateribus
998 582 1101 631 satis
1133 582 1319 631 fidentes
1346 584 1429 632 inae¹
1494 576 1499 580 ⁴

134 662 212 713 via
241 662 351 719 effe,
379 661 434 708 ab
462 677 511 706 ea
530 672 654 722 parte
673 693 688 715 ,
727 674 825 722 quae
857 656 903 702 in
927 657 1158 703 meridiem
1185 670 1388 720 vergeret
1405 693 1422 716 ‚

135 749 184 782 ut
203 735 336 782 armis
358 733 615 781 clauderent
634 731 753 777 viam
771 766 784 786 ,
815 741 1012 792 quatuor
1032 728 1171 775 ferme
1195 730 1334 776 millia
1352 748 1426 776 ar·-

134 823 359 858 matorum
379 808 435 855 ad
452 807 674 853 tumulum
691 841 703 862 ,
723 803 1032 850 imminentem
1049 803 1135 851 viae
1154 804 1300 850 minus
1319 798 1425 850 mil-

136 883 180 930 le
211 882 414 945 passuum
438 896 463 925 a
495 878 672 933 castris,
706 876 1021 937 occupandum
1051 875 1264 931 mittunt3
1293 893 1349 922 eo
1382 876 1428 924 se

136 957 223 1004 rati
254 956 382 1003 velut
400 952 579 1003 castello
612 952 695 998 iter
719 950 1031 1013 impedituros.
1054 951 1209 1010 ¹Quod
1229 951 1304 996 ubi
1324 952 1426 996 Ro-

135 1029 261 1078 mani
291 1028 538 1083 viderunt,
575 1023 821 1088 expediunt
859 1022 944 1070 sese
981 1023 1036 1069 ad
1070 1040 1280 1086 pugnam.
1322 1037 1426 1070 ante

132 1102 261 1164 :ligna
289 1099 474 1147 modico
502 1096 745 1144 intervallo
775 1095 932 1142 velites
957 1106 1093 1153 eunt,
1121 1098 1170 1142 &
1193 1096 1246 1142 ab
1268 1096 1427 1142 Attalo

138 1172 372 1220 Cretenses
409 1169 649 1233 sagittarii,
684 1170 733 1214 &
763 1166 1015 1213 funditores
1037 1203 1051 1223 ,
1085 1167 1134 1215 &
1167 1167 1338 1225 Tralli,
1374 1169 1431 1215 δε

138 1246 361 1293 Thraces:
390 1243 510 1306 figna
531 1242 731 1304 peditum
748 1277 760 1298 ,
789 1252 838 1286 ut
863 1258 941 1303 per
969 1242 1152 1287 arduum
1171 1277 1185 1299 ,
1207 1241 1297 1288 leni
1324 1258 1430 1307 gra-

139 1320 200 1364 du
228 1319 482 1373 ducuntur,
515 1314 575 1360 ita
597 1331 687 1376 prae
718 1313 760 1359 se
778 1314 1037 1360 habentium
1064 1312 1183 1360 scuta
1201 1349 1216 1372 ‚
1247 1328 1295 1361 ut
1325 1314 1430 1360 mis·

138 1389 236 1437 filia
264 1400 438 1435 tantum
475 1387 672 1434 vitarent
691 1420 704 1443 ,
739 1388 851 1448 pede
881 1387 1053 1434 collato
1087 1404 1184 1433 non
1214 1386 1435 1434 videren-

139 1473 216 1508 tur
234 1455 486 1523 pugnaturi.
509 1456 742 1503 Miffilibus
755 1475 813 1503 ex
832 1457 1074 1505 intervallo
1097 1458 1191 1505 loci
1207 1459 1433 1519 proelium

141 1529 425 1578 commissum
450 1526 511 1574 est
527 1561 541 1585 ,
566 1524 711 1588 primo
732 1541 834 1586 par,
853 1522 1009 1569 Gallos
1030 1524 1138 1571 loco
1159 1524 1447 1586 adjuvante,-

139 1603 379 1648 Romanos
410 1598 624 1647 varietate
656 1598 704 1644 &
737 1596 872 1658 copia
899 1596 1108 1642 telorum.
1147 1598 1431 1645 Procedente

140 1673 385 1721 certamine
404 1707 419 1728 ,
452 1669 565 1716 nihil
597 1668 682 1730 jam
712 1668 830 1732 aequi
861 1680 967 1716 erat.
1000 1668 1121 1716 scuta
1149 1659 1319 1733 longa,
1352 1687 1433 1718 ce-

142 1758 288 1793 terum
323 1743 376 1790 ad
403 1741 738 1804 amplitudinem
767 1757 1014 1803 corporum
1046 1757 1200 1803 parum
1231 1742 1317 1787 lata
1337 1777 1353 1798 ,
1378 1744 1434 1789 δε

146 1836 198 1878 ea
225 1816 315 1880 ipsa
333 1815 462 1879 plana
479 1851 492 1874 ,
515 1814 629 1861 male
659 1814 866 1877 tegebant
893 1814 1063 1861 Gallos.
1097 1816 1194 1861 Nec
1221 1814 1308 1874 jam
1342 1815 1432 1861 tela

147 1890 232 1939 alia
261 1889 509 1946 habebant,
541 1904 703 1951 praeter
731 1888 928 1950 gladios:
962 1904 1183 1952 quorum,
1208 1904 1311 1933 cum
1331 1904 1434 1932 nia·
1500 1899 1502 1903 ’

146 1981 254 2012 num
274 1963 411 2010 hostis
435 1979 532 2008 non
552 1963 833 2020 consereret,
863 1962 1010 2008 nullus
1027 1961 1127 2006 usus
1148 1960 1252 2007 erat,
1277 1960 1437 2019 Saxis,

147 2054 233 2084 nec
261 2035 451 2083 modicis
469 2069 482 2092 ,
512 2046 562 2080 ut
591 2051 690 2097 quae
723 2050 819 2081 non
847 2032 1187 2096 praeparassent,
1213 2032 1286 2079 sed
1306 2032 1437 2096 qnod.

148 2109 311 2171 cuique
338 2119 504 2153 temere
524 2106 763 2169 trepidanti
782 2107 836 2152 ad
853 2124 1034 2158 manum
1055 2105 1240 2152 venisset
1255 2140 1268 2163 ,
1291 2118 1340 2151 ut
1358 2106 1435 2150 in·-

147 2178 286 2240 sueti,
307 2197 391 2227 nec
421 2191 512 2237 arte
544 2197 628 2226 nec
661 2180 833 2227 viribus
858 2179 1120 2241 adjuvantes
1141 2179 1275 2224 ictum
1293 2213 1309 2235 ,
1331 2190 1438 2224 utefi

148 2258 325 2306 bantur.
365 2255 559 2318 sagittis,
597 2254 785 2318 glande,
818 2253 994 2317 jaculis.v
1008 2252 1175 2301 incauti
1211 2252 1265 2300 ab
1305 2251 1440 2300 omni.

150 2346 276 2394 parte
303 2329 665 2393 configebantur:
696 2345 779 2376 nec
795 2365 808 2387 ,
833 2329 941 2393 quid
968 2340 1178 2392 agerent,
1201 2326 1265 2373 ira
1285 2328 1333 2374 &1
1355 2343 1437 2389 pa-

147 2422 267 2459 yore
285 2404 521 2452 occaecatis
543 2401 702 2462 animis
716 2440 730 2464 ,
758 2405 1000 2457 cernebant
1019 2421 1030 2453 :
1060 2404 1110 2454 &
1130 2417 1257 2450 erant
1277 2402 1439 2464 deprez

217 2480 268 2527 T.
295 2479 388 2525 Liv.
417 2481 515 2526 Vol.
546 2478 627 2524 VI.
1149 2474 1182 2519 P
