1618 2715
226 126 288 174 34
570 105 1125 155 T1T1L1v11

223 229 402 274 tamen,
434 231 529 262 nox
556 214 813 261 intervenit.
852 213 1036 260 Postero
1057 212 1127 258 die
1147 207 1385 274 apparebat
1411 227 1496 273 pua

225 290 452 354 gnandum
488 304 572 351 pro
600 287 890 351 aquatoribus
909 284 1026 332 circa
1058 284 1207 330 rivum
1235 283 1333 330 effe.
1368 284 1499 330 ηοὲὶε

225 363 273 409 in
299 362 415 408 valle
435 378 459 407 a
481 359 719 422 conspeetu
736 358 933 404 hostium
952 355 1127 415 aversa,
1147 371 1359 419 quantam
1381 355 1499 402 mul-

227 433 467 479 titudinem
498 431 626 479 locus
667 430 877 478 occulere
909 441 1116 493 poterat,
1150 428 1354 477 condidit
1373 463 1388 488 ,
1423 445 1502 476 ce·

228 518 462 552 vatorum.

293 577 466 623 XXIX.
503 577 622 621 Luce
654 585 752 620 orta
772 610 787 631 ‚
821 572 1099 621 Cretensium
1134 571 1249 619 levis
1284 584 1504 620 armatura

229 652 280 697 ὃ(
293 648 527 712 Tarentini
546 648 714 711 equites
735 648 863 710 super
883 657 1127 692 torrentem
1147 646 1358 708 proelium
1379 663 1506 694 com-

229 723 457 770 miserunt.
491 721 798 768 Telemnastus
826 720 1049 768 Cretensis
1078 720 1365 782 popularibus
1394 719 1507 777 suis,

231 795 454 858 equitibus
482 797 702 859 Lycortas
730 790 1139 856 Megalopolitanus
1159 804 1355 853 praeerat.
1392 793 1507 839 Cre-

231 870 374 917 tenses
401 870 451 916 &
468 865 661 914 hostium
684 867 919 914 auxiliares
937 900 952 922 ,
982 863 1273 927 equitumque
1290 863 1406 909 idem
1431 881 1511 927 ge-

233 959 320 989 nus
330 939 561 989 Tarentini
575 975 588 996 ,
603 938 808 1002 praefidio
823 939 1110 1002 aquatoribus
1125 949 1262 984 erant.
1283 937 1512 1000 Aliquam-

232 1014 313 1060 diu
334 1013 515 1059 dubium
540 1011 753 1073 proelium
774 1009 885 1069 fuit,
909 1021 966 1057 ut.
976 1009 1137 1056 eodem
1158 1024 1213 1054 ex
1232 1022 1356 1071 parte
1386 1022 1512 1056 utra-³

235 1102 323 1148 que
358 1084 594 1130 hominum
630 1099 790 1146 genere
811 1118 824 1140 ‚
863 1084 913 1129 &
946 1080 1078 1127 armis
1111 1079 1307 1142 paribus.
1344 1082 1512 1128 Proce-

237 1159 371 1205 dente
402 1155 642 1203 certamine
659 1191 672 1212 ‚
700 1157 750 1202 ἃ
783 1170 971 1200 numero
1001 1153 1153 1199 vicere
1181 1152 1365 1215 tyranni
1385 1155 1514 1199 auxi-

238 1231 394 1287 liares,
419 1231 468 1276 &
487 1227 589 1291 quia
609 1228 669 1274 ita
688 1238 961 1289 praeceptum
987 1242 1010 1271 a
1032 1224 1375 1286 Philopoemene
1401 1242 1516 1288 prae·

235 1296 366 1348 ‘festis
388 1312 507 1358 erat,
535 1312 581 1345 ut
599 1335 611 1354 ‚
632 1298 817 1345 modico
847 1298 969 1343 edito
990 1297 1154 1358 proelio
1169 1332 1182 1353 ‚
1204 1296 1250 1342 in
1276 1295 1424 1359 fugam
1446 1297 1519 1355 inf

240 1375 487 1429 elimarent,
517 1372 776 1434 hostemque
806 1371 859 1417 ad
891 1369 1145 1416 insidiarum
1175 1368 1327 1415 locum
1351 1382 1515 1431 pertra-

238 1446 411 1491 herent.
448 1441 593 1489 Effuse
613 1441 758 1489 secuti,
768 1441 988 1504 fugientes
1017 1457 1095 1502 per
1115 1439 1368 1488 convallem
1383 1475 1396 1498 ,
1417 1441 1517 1502 ple-
1582 1430 1600 1457 ’³

239 1517 370 1579 rique
402 1517 452 1562 &
482 1513 736 1571 vulnerati,
770 1515 819 1560 &
852 1512 1071 1559 interfeffi
1100 1512 1229 1571 sunt,
1262 1512 1517 1575 priusquam

242 1588 479 1635 occultum
510 1585 680 1631 hostem
716 1584 935 1632 viderent.
972 1584 1143 1630 Cetrati
1177 1584 1268 1641 ita,
1298 1596 1519 1647 quantum

241 1661 434 1707 latitudo
460 1659 591 1706 vallis
615 1658 886 1721 patiebatur,
908 1657 1107 1704 instruffi
1130 1656 1359 1714 sederant,
1384 1668 1433 1703 ut
1450 1656 1516 1704 fa-

239 1735 329 1782 cile
364 1750 443 1797 per
466 1732 698 1780 intervalla
727 1731 938 1778 ordinum
961 1731 1180 1794 fugientes
1207 1729 1307 1776 suos
1339 1730 1518 1793 accipe-

243 1820 360 1855 rent.
391 1805 682 1868 Consurgunt
708 1804 865 1850 deinde
884 1803 962 1866 ipsi
988 1803 1177 1866 integri,
1202 1813 1423 1861 recentes,
1447 1802 1519 1848 in-

238 1879 422 1927 struffi:
457 1881 506 1926 &
541 1878 587 1923 in
624 1877 770 1923 hostes
802 1876 1107 1933 inordinatos,
1137 1872 1324 1930 effusOS,
1362 1873 1522 1923 labore.

245 1954 379 2000 etiam
405 1954 454 1999 &
473 1952 735 1999 vulneribus
766 1949 922 2008 fessos,
958 1949 1173 2012 impetum
1204 1948 1388 1995 faciunt.
1420 1949 1518 1995 Nec

242 2023 378 2069 dubia
406 2023 597 2069 νὶξὶοῑίεῐ
624 2022 724 2069 fuit.
763 2021 994 2084 extemplo
1028 2034 1153 2085 terga
1184 2021 1303 2067 dedit
1336 2020 1518 2085 tyranni

247 2098 392 2144 miles:
418 2099 465 2144 &
491 2098 608 2143 haud
628 2097 762 2159 paulo
789 2096 1089 2143 concitatiore
1117 2094 1272 2153 cursu,
1300 2111 1433 2159 quam
1455 2094 1521 2141 se-

245 2181 375 2216 cutus
401 2181 517 2226 erat,
539 2169 738 2232 fugiens,
764 2170 819 2215 ad
841 2169 975 2215 castra
1004 2169 1064 2216 est
1084 2167 1350 2231 compulsus.
1387 2167 1519 2213 multi

247 2243 345 2289 caefi
374 2244 577 2305 captique
602 2244 648 2288 in
668 2259 715 2288 ea
742 2242 844 2304 fuga
870 2241 983 2289 sunt.
1011 2245 1066 2288 Et
1094 2242 1140 2288 in
1167 2240 1316 2288 castris
1341 2255 1524 2303 quoque

247 2314 366 2360 foret
385 2315 652 2378 trepidatum
667 2351 682 2372 ,
707 2315 753 2360 ni
771 2315 1083 2377 Philopoemen
1101 2313 1298 2376 receptui
1320 2312 1418 2359 cani
1433 2310 1523 2374 jus-

248 2385 383 2444 {issem
414 2389 516 2436 loca
538 2389 676 2454 magis
707 2386 969 2453 contragosa
987 2423 1002 2449 ,
1040 2389 1089 2435 &
1107 2423 1124 2448 ,
1157 2400 1423 2451 quacunque
1455 2396 1522 2430 te·
