1618 2715
295 108 660 159 HISTORIA
676 110 837 157 RUM
872 110 991 155 Lm.
1028 108 1287 157 XXXVIII.
1358 125 1443 174 243

165 219 506 268 consuluerunt.
537 220 610 264 De
632 217 795 271 AEtolia
816 219 864 264 Sc
884 216 983 263 Asia
1000 215 1111 262 nihil
1138 228 1356 263 mutatum
1374 219 1449 266 est.

164 293 442 342 Consulibus
457 329 470 348 ‚
498 292 623 338 alteri
643 291 749 338 Pisae
776 307 876 337 cum
898 289 1136 353 Liguribus
1152 325 1167 349 ‚
1190 290 1316 336 alteri
1338 292 1452 338 Gal-

163 367 230 413 lia
252 364 489 428 provincia
522 365 693 411 decreta
730 363 804 409 est.
836 378 1096 423 comparare
1127 362 1244 408 inter
1270 363 1341 420 se,
1375 377 1452 411 aut

166 438 319 485 :sortiri
349 436 443 498 juffi
464 473 476 494 ,
512 438 562 485 ὅ(
592 452 743 483 novos
777 434 1032 490 exercitus,
1063 434 1188 480 binas
1221 434 1453 498 legiones,

168 511 394 569 scribere,
432 512 478 557 δέ
510 524 557 557 ut
590 508 721 557 sociis
753 507 895 558 Latini
934 507 1131 553 nominis
1167 507 1304 570 quina
1339 509 1453 557 dena

169 585 308 632 millia
337 584 534 647 peditum
551 619 563 641 ,
588 585 889 645 imperarent,
915 584 962 627 &
995 580 1116 627 mille
1150 583 1198 628 &
1233 582 1454 628 ducentos

167 654 355 717 equites.
400 653 608 700 Mefl'allae
636 653 845 715 Ligures,
874 650 1113 696 Salinatori
1148 648 1312 714 obtigit
1344 652 1457 698 Gal-

169 726 244 772 lia.
282 727 498 771 Praetores
519 726 620 771 inde
643 725 788 771 sortiti
812 723 924 770 sunt.
962 725 1024 769 M.
1045 722 1239 769 Claudio
1260 723 1457 782 urbana,

170 799 218 845 P.
245 799 442 846 Claudio
465 798 697 862 peregrina
719 796 964 859 jurisdiffio
986 797 1151 843 evenit.
1184 797 1241 856 Q
1259 797 1456 844 Marcius

169 871 391 929 Siciliam,
423 876 475 917 (Ξ.
503 870 737 916 Stertinius
764 868 1039 927 Sardiniam,
1070 870 1117 914 L.
1150 868 1344 915 Manlius
1374 871 1459 916 Hi-

165 945 368 1008 spaniam
389 946 644 992 citeriorem
660 979 674 1002 ,
698 945 752 990 C.
773 944 951 989 Atinius
973 941 1235 990 ulteriorem
1265 942 1326 989 est
1361 943 1459 994 sor--⁴

171 1019 294 1064 titus.

237 1090 455 1137 XXXVI.
483 1089 557 1134 De
582 1086 852 1134 exercitibus
878 1088 935 1133 ita
957 1087 1139 1149 placuit.
1175 1104 1197 1132 e
1218 1088 1365 1135 Gallia
1396 1090 1459 1136 le·

172 1163 329 1227 giones
343 1198 355 1219 ,
373 1178 473 1224 quae
494 1159 571 1206 sub
594 1162 648 1206 C.
668 1160 809 1206 Laelio
845 1158 1044 1218 fuerant,
1079 1161 1132 1206 ad
1154 1162 1214 1206 M.
1235 1161 1459 1209 Tuccium

170 1246 500 1299 propraetorem
530 1233 575 1279 in
602 1233 799 1278 Bruttios
821 1233 1016 1279 traduci:
1049 1235 1122 1290 &‚
1142 1234 1219 1295 qui
1243 1234 1288 1279 in
1310 1234 1459 1282 Sicilia

170 1309 306 1365 effet‚
325 1303 492 1353 dimitti
520 1306 792 1354 exercitum:
827 1307 875 1353 &
904 1307 1075 1353 claffem
1092 1343 1104 1365 ,
1129 1324 1231 1370 quae
1253 1308 1315 1354 ibi
1332 1309 1461 1365 elset,

171 1380 368 1426 Romam
408 1379 620 1424 reducere
660 1379 724 1424 M.
761 1379 1075 1440 Sempronium
1117 1392 1464 1440 propraetorem,

171 1452 397 1512 Hispaniis
430 1451 628 1514 legiones
653 1448 832 1512 singulae
853 1485 867 1505 ,
888 1467 986 1511 quae
1013 1466 1104 1496 tum
1133 1450 1176 1495 in
1198 1451 1248 1497 iis
1269 1452 1465 1513 provin-

173 1521 255 1570 ciis
288 1535 439 1579 erant,
478 1523 697 1579 decretae,
731 1524 780 1568 &
816 1535 863 1568 ut
898 1536 1022 1568 terna
1058 1522 1193 1569 millia
1226 1525 1464 1585 peditum,

175 1597 378 1642 ducenos
415 1595 585 1656 equites
616 1593 750 1639 ambo
787 1605 1002 1656 praetores
1029 1595 1075 1639 in
1106 1594 1464 1658 supplementum

174 1669 307 1717 sociis
335 1670 634 1730 imperarent,
657 1666 893 1730 secumque
921 1668 1283 1731 transportarent.
1314 1672 1466 1718 Prius·-

173 1761 308 1807 quam
332 1742 376 1788 in
400 1741 662 1803 provincias
686 1742 800 1788 novi
822 1742 1094 1805 magistratus
1120 1741 1464 1806 proficisceren-

175 1830 275 1873 tur,
309 1815 575 1877 supplicatio
607 1814 654 1859 in
683 1815 875 1860 triduum
907 1832 991 1877 pro
1013 1815 1208 1879 collegio
1230 1817 1469 1867 decemvi«

176 1906 327 1936 rorum
363 1889 576 1950 imperata
608 1887 696 1934 fuit
729 1889 775 1934 in
814 1889 1025 1937 omnibus
1061 1891 1300 1953 compitis,
1335 1892 1464 1954 quod

176 1962 277 2007 luce
295 1961 409 2007 inter
433 1961 591 2007 horam
623 1960 796 2008 tertiam
817 1959 955 2007 ferme
977 1964 1025 2009 &
1043 1977 1245 2026 quartam
1264 1965 1462 2012 tenebra:

176 2033 354 2079 obortae
373 2033 561 2080 fuerant.
583 2036 631 2081 &
647 2034 937 2081 novemdiale
963 2035 1225 2084 sacrificium
1247 2035 1462 2085 indictum

176 2104 262 2161 est,
283 2105 405 2166 quod
429 2104 473 2150 in
494 2106 733 2153 Aventino
759 2106 975 2169 lapidibus
995 2109 1182 2170 pluisset.
1215 2111 1466 2172 Campani,

178 2195 279 2225 cum
304 2194 381 2223 eos
403 2194 458 2223 ex
476 2177 855 2226 senatusconsulto
871 2216 884 2236 ‚
907 2181 1030 2242 quod
1050 2180 1208 2228 saum
1226 2195 1318 2228 erat
1341 2182 1463 2244 prio-

178 2265 227 2294 re
254 2265 374 2295 anno
393 2284 406 2306 ,
429 2248 635 2296 censores
654 2251 814 2296 Romae
835 2251 1002 2297 censeri
1025 2252 1265 2315 coegissent
1281 2289 1293 2310 ,
1327 2254 1462 2314 (nam

181 2332 309 2366 antea
334 2320 553 2367 incertum
580 2318 748 2379 fuerat,
768 2322 844 2367 ubi
871 2323 1187 2387 censerentur)
1215 2325 1462 2386 petierunt,

179 2403 234 2439 ut
259 2391 338 2438 fibi
357 2392 477 2442 cives
497 2393 724 2441 Romanas
748 2393 910 2442 ducere
933 2411 1098 2442 uxores
1125 2395 1305 2453 liceret3
1333 2399 1383 2445 &
1398 2433 1413 2457 ‚
1430 2397 1464 2444 st

1099 2468 1204 2535 Qz
