1618 2715
164 95 256 145 250
523 80 1087 132 TthLtvtt

163 188 359 251 Cypsela
397 191 618 253 pervenit.
663 209 686 238 a
716 192 925 256 Cypselis
963 193 1034 240 via
1070 195 1222 242 decem
1259 196 1448 246 millium

160 259 252 307 fere
275 261 504 319 silvestris,
527 264 730 327 angusta,
755 263 1024 328 confragosa
1051 268 1318 331 excipiebat.
1342 287 1449 331 pro-

159 346 260 397 pter
290 335 416 397 cujus
437 337 742 384 difficultatem
767 337 939 385 itineris
960 339 1005 385 in
1030 340 1133 386 duas
1158 353 1301 403 partes
1324 342 1448 388 divi-

161 406 229 455 sus
253 409 486 455 exercitus.
516 411 565 457 ὃ(
586 411 837 473 praecedere
862 429 948 458 una
968 411 1077 473 jufl'a
1093 449 1106 470 ,
1128 415 1261 461 altera
1282 431 1447 479 magno

160 478 402 526 intervallo
421 497 584 544 cogere
607 498 794 545 agmen,
814 482 959 529 media
977 483 1294 546 impedimenta
1314 486 1450 532 inter-

160 554 309 617 posuit
331 574 342 601 :
363 556 553 618 plaustra
573 574 676 604 cum
700 557 889 620 pecunia
908 558 1086 620 publica
1109 571 1255 617 erant,
1275 557 1449 622 pretio·

160 628 292 691 saque
313 630 394 675 alia
412 631 571 692 praeda.
592 634 770 694 Itaque,
792 647 893 677 cum
914 648 992 693 per
1011 630 1163 677 saltum
1183 631 1288 689 iret,
1307 632 1450 678 Thra-

161 717 262 746 cum
283 701 437 748 decem
455 702 572 748 haud
589 703 782 765 amplius
797 702 940 749 millia
958 720 1013 750 ex
1031 715 1227 767 quatuor
1245 704 1449 766 populis,

161 773 271 819 Astii
289 810 302 831 ‚
330 775 379 822 δι’,
407 775 536 821 Caeni
552 812 568 832 ,
589 777 638 822 ὅς
671 775 956 834 Maduateni,
977 777 1025 823 &
1056 775 1239 834 Coreli,
1261 776 1316 823 ad
1337 775 1451 838 ipsas

161 848 381 911 angustias
407 848 526 896 viam
564 849 961 897 circumsederunt.
996 849 1173 912 Opinio
1200 861 1321 907 erat,
1353 866 1450 896 non

161 921 251 969 sine
284 922 481 986 Philippi
520 923 634 987 regis
666 924 971 970 Macedonum
1005 922 1161 969 fraude
1197 921 1244 968 id
1270 921 1450 970 factum.

160 1013 262 1042 eum
287 996 430 1055 scisse,
455 1015 550 1043 non
582 996 690 1055 alia,
716 1014 851 1060 quarn
880 1014 958 1060 per
985 996 1250 1053 Thraciam,
1278 996 1450 1043 reditu-

162 1086 238 1116 ros
260 1071 518 1126 Romanos,
540 1072 588 1117 &c
612 1083 824 1134 quantam
852 1070 1089 1133 pecuniam
1117 1070 1262 1117 secum
1292 1080 1450 1130 porta-

161 1158 274 1192 rent.
315 1148 364 1192 In
406 1145 554 1208 primo
591 1145 768 1210 agmine
803 1145 1047 1209 imperator
1082 1158 1198 1203 erat,
1233 1143 1451 1192 sollicitus

161 1231 347 1283 propter
366 1219 651 1284 iniquitatem
672 1219 896 1266 locorum.
925 1220 1124 1266 Thraces
1153 1218 1266 1264 nihil
1285 1217 1326 1264 se
1347 1234 1451 1264 mo-

160 1306 354 1351 verunt,
379 1295 525 1342 donec
546 1294 704 1340 armati
732 1293 979 1340 transirent.
1011 1292 1244 1355 postquam
1276 1292 1450 1354 primos

163 1366 378 1429 superasse
417 1365 638 1430 angustias
673 1365 910 1422 viderunt,
949 1365 1200 1428 postremos
1244 1364 1450 1411 nondum

162 1440 607 1504 appropinquantes,
642 1440 960 1502 impedimenta
997 1442 1046 1487 &
1086 1439 1275 1486 sarcinas
1318 1437 1451 1484 inva-

165 1516 292 1563 dunt.
326 1516 535 1580 caefisque
555 1515 814 1563 custodibus
828 1550 841 1573 ,
864 1513 1023 1577 partim
1042 1530 1115 1568 ea,
1138 1530 1237 1577 quae
1256 1512 1301 1558 in
1322 1511 1452 1574 plau-

162 1588 260 1635 stris
284 1602 435 1647 erant,
456 1588 676 1650 diripere,
713 1586 873 1649 partim
901 1587 979 1632 sub
1011 1586 1224 1632 oneribus
1251 1584 1451 1646 jumenta

164 1659 428 1707 abstrahere.
450 1661 584 1707 Unde
602 1659 836 1722 postquam
862 1659 1034 1706 clamor
1053 1658 1245 1721 primum
1266 1658 1321 1703 ad
1343 1673 1420 1703 eos
1436 1692 1453 1715 ,

162 1732 258 1793 qui,
284 1730 371 1792 jam
393 1731 569 1796 ingreffi
592 1731 748 1778 saltum
762 1767 776 1790 ,
798 1730 1123 1795 sequebantur,
1143 1730 1301 1777 deinde
1320 1730 1454 1776 etiam

166 1804 222 1850 ad
240 1804 436 1867 primum
457 1821 617 1868 agmen
637 1802 699 1851 est
718 1804 910 1867 perlatus
925 1841 939 1863 ,
958 1804 1170 1867 utrinque
1192 1803 1237 1849 in
1256 1802 1454 1849 medium

166 1878 485 1936 concurritur,
524 1879 573 1925 δε
607 1878 912 1925 inordinatum
949 1877 1076 1924 fimul
1105 1877 1306 1940 pluribus
1339 1876 1454 1923 locis

166 1950 383 2012 proelium
404 1951 669 1999 conseritur.
691 1951 893 1999 Thracas
924 1951 1074 2014 praeda
1098 1950 1188 2013 ipsa
1214 1949 1456 2013 impeditos

164 2025 409 2084 oneribus,
444 2027 493 2073 &
524 2025 761 2089 plerosque
797 2026 881 2089 (ut
916 2025 971 2072 ad
1003 2025 1265 2087 rapiendum
1296 2040 1456 2071 manus

167 2114 336 2145 vacuas
361 2097 608 2162 haberent)
638 2099 857 2156 inermes,
877 2099 932 2145 ad
951 2098 1118 2146 caedem
1141 2098 1334 2160 praebet3
1355 2097 1456 2142 Ro-

165 2165 564 2234 manos·'iniquitas
585 2171 817 2230 locorum,
837 2171 1035 2218 barbaris
1064 2187 1142 2234 per
1161 2170 1294 2217 calles
1316 2181 1456 2214 notos

172 2242 537 2302 occursantibus,
580 2245 630 2292 ὃ(
663 2243 903 2290 latentibus
935 2243 1162 2290 interdum
1201 2257 1280 2303 per
1317 2257 1454 2288 cavas

124 2366 125 2369 Ἴ
167 2315 336 2375 valles,
366 2317 604 2380 prodebat„
632 2316 722 2380 ipsa
747 2317 881 2365 etiam
907 2334 1047 2364 onera
1075 2313 1385 2377 plaustraque,
1407 2324 1463 2363 ut.

165 2386 261 2436 fors
282 2388 415 2450 tulit,
434 2390 501 2439 his
523 2403 598 2439 aut
615 2390 703 2439 illis
723 2391 1017 2440 incommode
1035 2388 1235 2452 objecta,
1252 2404 1458 2454 pugnam
