1618 2715
236 129 779 177 HISTORIARUM
814 131 929 177 LIB.
964 131 1190 179 XXXIX.
1278 148 1364 194 301

93 234 242 283 Latini
261 235 459 283 nominis
478 235 677 298 peditum
695 272 708 294 ‚
735 237 936 284 ducentis
956 237 1181 300 equitibus
1206 237 1251 284 in
1272 239 1373 302 sup<-¹

91 307 367 369 plementum
407 309 615 371 acceptis.
654 309 814 355 Eadem
835 309 1099 372 provincia,
1133 310 1250 357 idem
1284 329 1374 357 nu-

91 397 240 427 merus
258 381 454 443 peditum
471 379 762 444 equitumque
778 384 826 429 δέ
842 382 1025 446 collegae
1039 384 1241 430 decretus
1263 398 1371 432 erat.

90 452 326 499 Exercitus
347 465 614 514 acceperunt
632 488 644 509 ‚
669 468 785 514 quos
813 453 966 514 priore
992 470 1112 501 anno
1130 456 1182 502 C.
1205 457 1370 504 Flami-

91 525 192 572 nius
213 528 262 573 &
281 527 343 573 M.
363 526 567 573 AEmilius
588 525 791 572 consules
818 526 1080 574 habuerunt.
1113 528 1221 575 duas
1252 547 1370 591 prae-

91 608 211 643 terea
228 597 426 660 legiones
444 613 590 643 novas
609 613 665 642 ex
685 596 1066 644 senatusconsulto
1081 597 1267 644 scribere
1282 599 1370 660 jus-

90 670 125 716 fi
153 670 277 716 sunt:
319 671 367 716 ὃς
389 668 554 732 viginti
582 669 719 715 millia
738 669 937 732 peditum
967 670 1100 718 sociis
1121 672 1171 718 δε
1192 672 1369 718 nomini

91 741 255 788 Latino
276 742 550 804 imperarunt
565 777 577 799 ,
608 743 658 788 &
691 741 860 803 equites
896 742 1018 787 mille
1043 755 1268 790 trecentos
1283 780 1298 800 ‚
1319 746 1370 792 ὅ(
1394 758 1406 770 ’“

93 813 179 860 tria
198 814 334 859 millia
354 814 549 875 peditum
572 816 878 860 Romanorum
896 850 909 872 ‚
942 815 1159 862 ducentos
1181 818 1368 880 equites.

93 897 246 931 totum
278 885 399 931 hunc
425 885 698 944 exercitum,
729 900 889 948 praeter
925 886 1152 949 legiones,
1186 888 1232 934 in
1264 891 1368 953 sup-

93 957 367 1020 plementum
381 957 678 1019 Hispaniensis
696 959 915 1005 exercitus
933 959 1035 1006 duci
1050 960 1265 1021 placebat.
1289 962 1368 1008 ita-

92 1048 184 1094 que
213 1030 415 1078 consules
434 1031 537 1076 dum
557 1031 636 1093 ipfi
654 1031 972 1093 quaestionibus
990 1032 1368 1096 impediebantur,

92 1101 149 1148 T.
171 1103 386 1149 Maenium
403 1103 588 1149 deleuui
610 1103 816 1151 habendo
835 1105 1140 1167 praefecerunt.
1162 1109 1369 1158 Perfeffis

93 1175 413 1237 quaestionibus
433 1213 447 1232 ,
478 1177 603 1237 prior
634 1179 693 1237 Q.
716 1178 911 1224 Marcius
935 1178 981 1224 in
1010 1179 1188 1243 Ligures
1213 1184 1370 1246 Apua-

93 1264 179 1294 nos
203 1249 264 1293 est
290 1248 528 1310 profeffits.
563 1251 688 1295 Dum
726 1252 900 1310 penitus
932 1252 976 1298 in
1002 1255 1178 1302 abditos
1206 1256 1335 1304 saltus
1353 1293 1372 1313 ,

88 1336 193 1382 quae
228 1320 405 1365 l'atebrae
439 1319 805 1382 receptaculaque
838 1320 1008 1383 semper
1044 1322 1131 1369 illis
1166 1323 1369 1385 fuerant,

92 1390 389 1452 persequitur;
410 1389 456 1434 in
478 1391 801 1453 praeoccupatis
821 1392 1030 1454 angustiis
1045 1429 1059 1451 ,
1079 1394 1183 1441 loco
1207 1396 1369 1460 iniquo

90 1461 154 1507 est
191 1462 538 1509 circumventus.
574 1476 768 1526 quatuor
800 1465 936 1510 millia
970 1466 1158 1513 militum
1190 1470 1365 1527 amiffa3

91 1534 142 1579 &
176 1533 363 1595 legionis
400 1535 601 1581 secundae
639 1535 755 1599 signa
795 1537 910 1593 tria,
950 1538 1160 1585 undecim
1198 1543 1367 1590 vexilla

92 1606 265 1653 socium
284 1608 429 1653 Latini
465 1608 658 1655 nominis
687 1609 731 1654 in
767 1609 1023 1671 potestatem
1056 1611 1250 1660 hostium
1283 1632 1368 1660 ve-

92 1693 255 1726 nerunt
274 1715 288 1737 ‚
323 1682 371 1727 &
400 1698 517 1727 arma
551 1682 685 1727 multa
705 1717 719 1739 ,
754 1699 880 1743 quae,
911 1683 1014 1745 quia
1043 1684 1368 1747 impedimento

92 1750 364 1813 fugientibus
387 1769 465 1813 per
492 1752 708 1799 silvestres
743 1753 909 1800 semitas
940 1767 1091 1813 erant,
1124 1757 1275 1818 passim
1299 1756 1370 1817 ja-

92 1823 334 1872 &abantun
369 1825 490 1886 prius
512 1825 722 1888 sequendi
744 1826 925 1889 Ligures
952 1827 1083 1875 finem
1101 1865 1114 1886 ,
1135 1847 1265 1891 quam
1289 1830 1361 1877 fu-

91 1914 159 1960 gae
196 1897 420 1955 Romani,
457 1898 672 1946 fecerunt.
721 1899 926 1958 Consul,
963 1901 1039 1947 ubi
1077 1902 1268 1963 primum
1309 1919 1367 1949 ex

92 1970 292 2017 hostium
322 1989 429 2035 agro
459 1974 624 2031 evasit,
648 1990 730 2031 ne,
762 1989 978 2035 quantum
1012 1975 1251 2021 deminutae
1282 1992 1367 2022 co-

91 2043 177 2106 piae
209 2044 389 2101 forent,
414 2059 676 2108 appareret,
708 2046 754 2092 in
783 2046 895 2092 locis
926 2048 1091 2108 pacatis
1122 2048 1365 2096 exercitum

91 2114 268 2161 dimisit.
309 2116 419 2160 Non
438 2127 586 2162 tamen
618 2116 856 2163 obliterare
884 2117 1041 2164 famam
1070 2119 1135 2165 rei
1155 2120 1268 2165 male
1288 2136 1366 2182 ge-⁴

90 2186 167 2232 stae
198 2188 360 2249 potuit.
394 2205 495 2234 nam
521 2187 678 2247 saltus,
709 2189 827 2238 unde
848 2205 948 2235 eum
965 2190 1146 2253 Ligures
1178 2190 1363 2254 fugave-

93 2271 219 2317 rant,
242 2260 436 2307 Marcius
457 2259 516 2306 est
540 2260 801 2322 appellatus.

155 2333 284 2378 XXI.
304 2333 393 2378 Sub
423 2333 545 2379 hunc
574 2332 780 2378 nuntium
806 2348 862 2379 ex
882 2333 1118 2397 Ligustinis
1138 2334 1366 2398 vulgatum

93 2399 261 2463 literae,
284 2420 341 2451 ex
367 2404 579 2469 Hispania
608 2406 792 2454 mixtam
819 2408 982 2471 gaudio
1013 2407 1231 2455 tristitiam
1263 2408 1372 2458 affe÷
