1618 2715
187 87 249 135 80
548 80 1109 128 T1T1L1V11

187 193 267 241 dio
288 189 502 238 Medione
523 188 735 251 imposito
751 223 763 245 ,
788 188 835 233 &c
860 186 905 231 in
929 184 1193 248 quibusdam
1214 182 1311 230 aliis
1330 184 1475 230 Acar-³

187 266 335 312 naniae
355 263 534 327 oppidis
552 298 565 321 ,
584 261 771 325 Thyrio
792 259 986 306 abscessit
1002 295 1014 317 ,
1044 261 1092 305 &
1114 275 1191 322 per
1210 257 1390 305 AEtoliae
1419 273 1474 304 ac

187 338 397 386 Phocidis
417 338 545 382 urbes
571 334 837 381 Chalcidem
864 332 1012 379 rediit.

253 413 372 459 XIII.
406 410 494 455 Sub
519 409 636 455 idem
669 419 844 468 tempus
875 406 937 451 M.
960 402 1132 450 Baebius
1160 403 1210 449 &
1239 401 1478 464 Philippus

188 500 271 531 rex
287 519 299 541 ‚
320 483 406 544 jam
428 492 529 527 ante
558 497 635 542 per
655 480 847 525 hiemem
866 477 912 522 in
941 476 1198 523 Dassaretiis
1229 473 1474 537 congressi,

192 574 295 604 cum
324 559 409 617 Ap.
438 552 700 607 Claudium,
726 563 776 596 ut
804 549 1038 595 obsidione
1067 547 1273 593 Larissam
1304 547 1480 593 exime-

191 641 281 684 ret,
310 627 354 671 in
388 623 653 670 Thessaliam
681 621 914 678 mislfl'ent,
939 620 1042 682 quia
1072 619 1116 666 id
1142 633 1318 682 tempus
1347 619 1480 664 rebus

192 699 401 767 gerendis
420 697 710 744 immaturum
730 706 844 751 erat,
865 692 911 738 in
933 692 1120 738 hiberna
1137 691 1333 754 regressi,
1352 689 1482 752 prin-

192 774 317 837 cipio
345 772 465 820 veris
492 769 744 832 conjunffis
766 767 913 830 copiis
938 767 984 812 in
1004 765 1269 811 Thessaliam
1300 763 1483 810 descen-

195 847 371 893 derunt.
403 847 451 890 In
486 842 737 890 Acarnania
770 856 864 886 tum
895 837 1147 884 Antiochus
1180 847 1286 883 erat.
1327 836 1484 882 Adve-

196 921 398 976 nientes‚
436 916 666 978 Philippus
701 913 935 960 Malloeam
976 910 1275 966 Perrhaebiae,
1312 908 1487 954 Baebius

195 990 409 1038 Phacium
446 987 507 1033 est
554 986 790 1050 aggressus.
823 999 917 1046 quo
955 982 1100 1044 primo
1134 996 1278 1043 prope
1311 979 1486 1041 impetu

198 1075 363 1126 capto,
387 1058 605 1106 Phaestum
638 1058 790 1102 eadem
813 1052 1194 1119 celeritatescapit.
1227 1050 1331 1096 inde
1356 1051 1487 1096 Atra-

199 1152 300 1184 cem
335 1150 436 1180 cum
463 1131 504 1178 se
536 1129 795 1192 recepisset,
829 1126 1040 1191 Cyretias
1074 1124 1180 1170 hinc
1217 1125 1266 1170 δέ
1298 1121 1488 1168 Eritium

199 1217 397 1267 occupat
421 1201 752 1265 :praesidiisque
786 1217 864 1261 per
893 1210 1069 1259 recepta
1102 1195 1269 1257 oppida
1302 1193 1490 1256 disposi-

200 1279 256 1325 tis
273 1314 286 1336 ,
308 1276 518 1338 Philippo
547 1274 692 1319 rursus
722 1270 944 1318 obsidenti
964 1269 1199 1314 tatalloeam
1224 1266 1264 1313 se
1290 1265 1490 1326 conjun-

202 1353 281 1417 git.
317 1351 407 1396 Sub
437 1349 681 1396 adventum
706 1345 904 1391 Romani
934 1341 1185 1398 exercitus,
1210 1339 1285 1386 seu
1313 1340 1367 1385 ad
1395 1355 1491 1385 me-

204 1439 299 1474 tum
328 1424 524 1479 virium,
551 1421 624 1468 seu
653 1420 708 1467 ad
741 1419 860 1482 spem
886 1418 1061 1472 veniae,
1094 1433 1197 1463 cum
1229 1414 1492 1461 dedidissent

204 1499 321 1555 sese3
344 1497 398 1545 ad
424 1513 473 1542 ea
499 1492 756 1556 recipienda
776 1491 970 1555 oppida,
993 1507 1095 1553 quae
1117 1489 1389 1534 Athamanes
1412 1503 1494 1533 oc-

206 1581 511 1635 cupaverant,
530 1584 625 1614 uno
651 1565 825 1629 agmine
846 1565 1007 1611 ierunt.
1042 1566 1179 1609 Erant
1205 1574 1351 1608 autem
1371 1560 1492 1616 haec,

209 1645 467 1708 AEginium,
500 1640 749 1687 Ericinium
768 1674 781 1696 ,
817 1636 1057 1700 Gomphi,
1092 1635 1267 1692 Silana,
1298 1632 1492 1690 Tricca,

209 1718 460 1771 Meliboea,
491 1713 711 1760 Phaloria.
744 1712 848 1758 Inde
887 1711 1177 1766 Pellinaeum,
1212 1708 1289 1754 ubi
1324 1707 1495 1769 Philip-

209 1808 292 1855 pus
326 1785 736 1852 Megalopolitanus
770 1801 873 1830 cum
900 1781 1155 1845 quingentis
1188 1778 1413 1842 peditibus
1443 1781 1494 1826 δε

211 1861 435 1927 equitibus
458 1858 748 1923 quadraginta
775 1856 821 1902 in
855 1853 1061 1919 praesidio
1091 1866 1209 1911 erat,
1228 1855 1277 1900 &
1297 1851 1496 1904 circum-‚-

212 1938 381 1994 sidunt,
401 1937 448 1982 &
462 1932 748 1996 ,priusquam
769 1939 1107 1993 oppugnarent,
1124 1927 1307 1973 mittunt
1324 1925 1379 1971 ad
1399 1923 1498 1970 Phi-

216 2013 413 2073 lippum,
447 2006 523 2071 qui
561 2016 789 2061 moneret,
825 2019 881 2048 ne
926 2002 1020 2049 vim
1058 2001 1263 2048 ultimam
1302 1998 1498 2062 experiri

221 2083 368 2129 vellet.
409 2080 586 2140 Quibus
621 2078 695 2123 ille
737 2077 835 2123 satis
880 2075 1092 2122 ferociter
1129 2072 1384 2136 respondit,
1424 2070 1500 2117 vel

218 2154 464 2210 Romanis,
497 2151 573 2198 vel
603 2149 821 2196 Thessalis
862 2147 902 2193 se
945 2147 1219 2194 crediturum
1257 2144 1380 2191 fuisse
1408 2162 1418 2190 :
1451 2143 1500 2189 in

220 2227 412 2290 Philippi
432 2226 474 2272 se
495 2225 757 2288 potestatem
780 2223 1111 2269 commissurum
1135 2238 1228 2267 non
1251 2220 1348 2266 esse.
1374 2218 1501 2265 Post-

218 2319 351 2364 quam
370 2299 574 2363 apparuit
592 2298 641 2344 vi
659 2298 903 2361 agendum,
924 2296 1026 2360 quia
1048 2294 1287 2342 videbatur
1307 2295 1357 2339 &
1379 2292 1503 2338 Lim-

222 2391 360 2421 naeam
387 2373 548 2422 eodem
575 2384 781 2434 tempore
811 2368 1064 2434 oppugnari
1093 2366 1241 2431 posse,
1270 2382 1417 2430 regem
1446 2365 1504 2412 ad
