1618 2715
185 75 279 141 256
534 73 1103 150 TITILIVII

184 172 305 230 forte
325 180 566 230 Flaminius
591 181 777 237 abefl‘et3
810 182 860 229 &
879 216 893 238 ,
920 181 1139 228 referente
1158 179 1341 228 AEmilio
1361 216 1375 239 ,
1401 180 1467 227 se-‘

185 255 574 303 natusconsultum
591 254 752 301 saelum
767 253 850 312 est,
871 258 934 300 Ut
946 256 1308 319 Ambracienfibus
1330 275 1468 302 omnes

173 332 265 392 suae
293 350 351 377 res
381 334 662 377 redderentur:
696 333 742 375 in
762 332 942 376 libertate
960 327 1077 393 qffimt
1092 366 1105 387 ‚
1124 349 1174 376 ac
1198 332 1354 391 legibu's
1368 331 1468 389 suls

185 420 418 451 uterentur:
446 406 655 464 portoria,
688 420 773 464 quae
800 407 971 459 vellent,
1006 418 1110 449 terra
1140 406 1321 464 marique
1351 422 1471 463 cape-

186 494 293 531 rent,
313 482 410 524 dnm
439 495 576 523 eorum
597 478 798 520 immunes
818 477 1004 520 Romani
1024 494 1072 520 ac
1087 476 1200 535 socii
1221 479 1364 521 Latini
1394 495 1473 521 no·

187 553 319 596 minis
350 548 482 612 effent.
527 553 662 609 Signa
698 550 862 608 aliaque
900 565 1175 606 ornamenta,
1218 567 1304 609 qna:
1335 567 1473 610 quere-

189 638 326 668 rentur
368 641 420 666 ex
458 624 614 667 cedibus
640 622 781 682 fizcris
806 622 982 682 ficblata
1016 621 1086 686 effe
1107 657 1124 679 ‚
1163 624 1212 667 de
1242 622 1299 666 iis
1323 655 1338 678 ‚
1381 636 1484 665 cum>

190 697 255 741 .M.
282 697 456 741 Fulvius
484 697 668 740 Romam
707 692 916 759 revertzſjfec
933 730 948 752 ,
982 700 1140 757 placere
1176 698 1236 739 ad
1260 695 1473 754 collegium

190 771 434 830 pontzficum
455 769 625 828 referri,
653 766 725 827 ἃ,
764 771 876 829 quod
892 772 925 813 ii
951 766 1187 832 censuiffent
1202 804 1217 825 ‚
1236 768 1346 826 fieri.
1380 766 1475 812 Ne-

191 858 279 905 que
306 841 373 888 his
396 852 636 889 contentus
668 840 827 887 consul
857 840 969 899 fuit,
1004 840 1077 887 sed
1111 840 1263 903 postea
1296 856 1374 901 per
1403 839 1476 885 in-

192 912 491 978 frequentiam
526 912 689 974 adjecit
720 912 1172 972 senatusconsultum,
1200 914 1477 959 Ambraciam

190 1007 278 1034 non
309 989 441 1033 videri
459 990 502 1033 vi
528 1002 690 1048 captam
719 985 808 1050 effi.
844 985 1124 1048 Supplicatio
1154 985 1281 1044 inde,
1317 1003 1373 1032 ex
1396 985 1478 1031 de-

186 1059 501 1110 cemvirorum
537 1060 745 1117 decreto,
779 1075 863 1121 pro
897 1059 1162 1107 valetudine
1200 1058 1360 1122 populi
1391 1058 1476 1107 fuit

193 1150 275 1196 per
305 1132 504 1179 triduum
522 1166 536 1187 ,
566 1130 672 1194 quia
700 1132 851 1195 gravis
881 1130 1130 1194 pestilentia
1159 1133 1314 1179 urbem
1345 1145 1478 1194 atque

192 1220 326 1267 agros
353 1201 567 1250 vastabat.
601 1201 770 1248 Latinae
800 1201 902 1248 inde
931 1200 1127 1250 fuerunt.
1164 1204 1344 1263 Quibus
1372 1206 1478 1250 reli·

193 1275 406 1338 gionibus
426 1273 602 1322 liberati
621 1272 849 1332 consules,
863 1275 912 1320 ὃ(
932 1272 1104 1318 delean
1126 1275 1348 1332 perfeeto,
1370 1275 1480 1337 (no-

194 1350 267 1396 vis
293 1348 412 1396 enim
441 1364 629 1412 uterque
656 1348 812 1394 maluit
838 1347 906 1394 uti
932 1343 1181 1407 militibus)
1204 1343 1249 1390 in
1284 1346 1480 1408 provin-

195 1423 311 1470 ciam
342 1419 536 1484 profeffi
561 1418 688 1466 sunt:
722 1417 984 1481 veteresque
1014 1433 1173 1464 omnes
1204 1416 1479 1464 dimiserunt.

194 1494 301 1542 Post
333 1492 566 1542 consulum
596 1490 925 1555 profeffionem
947 1491 1034 1536 Cn.
1057 1488 1250 1555 Manlius
1274 1505 1481 1552 procon-

195 1568 262 1615 sul
294 1569 490 1614 Romam
511 1566 666 1624 venit,
698 1563 771 1611 cui
803 1579 904 1611 cum
933 1564 988 1610 ab
1018 1565 1110 1610 Ser.
1132 1563 1336 1625 Sulpicio
1362 1581 1482 1627 prae-

197 1653 298 1686 tore
331 1638 505 1686 senatus
535 1637 590 1684 ad
611 1637 749 1683 aedem
772 1637 973 1683 Bellonae
992 1635 1118 1682 datus
1138 1635 1267 1694 esset,
1299 1639 1348 1684 &
1365 1637 1480 1699 ipse,

200 1710 566 1760 commemoratis
603 1710 736 1756 rebus
771 1708 825 1755 ab
865 1707 906 1754 se
938 1707 1089 1771 gestis,
1116 1707 1403 1770 postulasset,
1432 1720 1483 1764 ut

200 1785 264 1832 ob
282 1801 354 1831 eas
377 1782 482 1830 Diis
503 1781 831 1829 immortalibus
852 1782 1002 1827 honos
1029 1781 1265 1827 haberetur
1281 1816 1294 1838 ‚
1313 1780 1483 1845 sibique

199 1857 499 1921 triumphanti
526 1857 682 1904 urbem
718 1857 875 1904 invehi
907 1856 1087 1911 liceret3
1113 1855 1486 1903 contradixerunt

201 1950 304 1997 pars
326 1931 471 1993 major
499 1932 652 1978 decem
683 1932 934 1995 legatorum
950 1966 964 1989 ‚
994 1930 1074 1992 qui
1092 1947 1194 1977 cum
1214 1946 1269 1976 eo
1289 1928 1486 1989 filei-ant,

203 2008 254 2054 δέ
274 2018 375 2052 ante
404 2004 516 2052 alios
553 2005 602 2052 L.
635 2004 793 2052 Furius
822 2005 1092 2067 Purpureo,
1124 2003 1176 2050 &
1204 2004 1253 2050 L.
1279 2002 1487 2049 AEmilius

202 2079 396 2127 Paullus.

270 2153 414 2198 XLV.
447 2155 621 2214 Legatos
648 2153 740 2213 fise
781 2154 855 2197 Cn.
893 2153 1064 2197 Manlio
1101 2152 1222 2196 datos
1241 2150 1363 2210 pacis
1395 2164 1487 2193 cum

208 2227 420 2271 Antiocho
445 2225 655 2283 faciendae
689 2225 839 2283 causa,
859 2224 1109 2284 foederisque
1145 2222 1187 2269 δ’
1219 2229 1373 2283 legum,
1403 2238 1489 2281 quae

209 2315 300 2342 cum
320 2299 368 2342 L.
387 2300 579 2358 Scipione
602 2298 801 2342 inclzoatae
810 2295 990 2359 fiaffent
1003 2331 1016 2354 ,
1027 2298 1382 2357 perficiendorum.
1413 2298 1488 2342 Cn.

211 2373 428 2418 Manlium
450 2373 625 2434 fitmma
644 2390 716 2433 ope
735 2369 962 2434 tetendisti,
993 2386 1038 2418 ut
1062 2389 1149 2416 eam
1168 2388 1315 2430 pacem
1344 2373 1489 2417 turba·
