1618 2715
220 175 249 219 4
568 158 1134 209 T1T1L1V11

216 282 406 330 negare,
423 269 504 312 Ad
521 285 698 313 rumores
711 302 724 325 ,
746 287 771 313 cz
786 271 966 327 privatis
988 286 1126 315 temere
1141 273 1186 315 itz
1202 272 1382 332 gratiam
1403 290 1501 317 ma·-

215 341 455 406 gistratuum
475 341 664 394 consift'os
677 375 690 397 ‚
700 341 1065 402 senatuscotzficlta
1075 341 1283 400 facienda
1309 341 1391 405 effe.
1419 344 1506 408 nist

218 417 332 476 quod
359 430 434 459 aut
460 430 650 473 praetores
678 431 731 457 ex
750 416 983 473 provinciis
998 415 1244 474 scriberent,
1273 432 1349 461 aut
1375 419 1501 477 legati

219 489 521 536 renmuzkzrem,
538 488 650 530 nihil
668 501 802 530 ratum
823 488 959 530 haberi
978 486 1125 531 debere.
1151 488 1204 532 Si
1226 490 1429 531 tumultus
1452 488 1499 531 in

217 561 438 620 Hzfimnicz
459 556 551 619 effit
564 592 576 612 ‚
592 560 747 617 placere
761 593 773 613 ‚
792 559 1085 602 tumultuarios
1109 561 1261 603 milites
1277 575 1394 603 extra
1414 561 1502 602 Ita-

217 634 318 676 liam
337 631 471 689 scribi
489 648 515 672 α
527 645 709 687 praetore.
731 630 861 673 Mens
882 645 931 674 ea
952 627 1126 674 senatus
1152 628 1237 675 fuit
1252 664 1263 684 ‚
1284 642 1331 674 ut
1352 630 1399 675 in
1420 629 1501 675 Hi-

219 701 367 764 spania
386 700 660 746 tumultuarii
684 700 845 745 milites
877 699 1147 763 legerentur.
1178 701 1380 747 Valerius
1406 704 1503 747 An-

220 777 303 821 tias
319 777 367 822 &
388 775 433 819 in
452 773 650 819 Siciliam
677 773 901 835 navigasse
918 772 1110 819 dele&1ls
1125 773 1252 820 causa
1270 776 1322 822 C.
1343 774 1503 820 Flami-

219 850 344 895 nium
383 846 556 893 scribit:
593 848 640 892 ὅ(
673 863 728 891 ex
762 845 910 892 Sicilia
948 845 1206 908 Hispaniam
1241 859 1463 908 petentem
1484 882 1500 904 ‚

219 917 478 979 tempestate
513 918 557 962 in
595 916 792 964 Africam
833 916 1054 975 delatum,
1080 933 1219 979 vagos
1253 917 1416 963 milites
1446 918 1501 964 de

220 993 421 1039 exercitu
448 992 494 1037 P.
528 989 731 1036 Africani
760 990 1036 1037 sacramento
1064 990 1235 1053 rogasse
1260 1008 1270 1036 :
1295 990 1361 1038 his
1396 991 1502 1037 dua-

221 1082 319 1113 rum
351 1062 693 1126 provinciarum
724 1061 963 1109 &lectibus
996 1061 1181 1109 tertium
1211 1061 1260 1108 in
1289 1061 1502 1125 Hispania

221 1138 438 1199 adjecisse.

286 1214 358 1257 ΙΙΙ.
379 1211 475 1256 Nec
496 1209 542 1254 in
571 1208 693 1255 ltalia
718 1206 894 1272 segnius
911 1206 1124 1272 Ligurum
1142 1206 1308 1255 bellum
1330 1206 1502 1255 cresce-

222 1283 311 1330 bat.
354 1280 471 1328 Pisas
505 1279 592 1341 jam
626 1280 918 1344 quadraginta
954 1281 1096 1328 millia
1130 1280 1408 1339 hominum,⁴
1433 1279 1502 1326 af-

223 1355 389 1402 fluente
411 1353 617 1417 quotidie
646 1353 932 1401 multitudine
953 1355 1007 1400 ad
1036 1354 1196 1401 famam
1226 1354 1330 1400 belli
1359 1353 1503 1416 spem-

221 1445 310 1492 que
327 1427 489 1490 praedae
504 1461 518 1485 ,
536 1424 930 1473 circumsedebant.
945 1426 1171 1473 Minucius
1192 1425 1348 1473 consul
1369 1430 1505 1473 Arre-

223 1501 335 1546 tium
355 1500 445 1556 die,
464 1515 597 1561 quem
621 1498 790 1543 dixerat
804 1497 858 1544 ad
877 1498 1246 1545 conveniendum
1267 1497 1505 1555 militibus,

223 1573 367 1620 venit.
404 1571 506 1617 inde
535 1570 755 1632 quadrato
785 1570 960 1633 agmine
996 1571 1051 1617 ad
1082 1570 1199 1618 Pisas
1236 1570 1388 1626 duxit3
1423 1571 1503 1628 &‚

224 1658 330 1693 cuni
348 1644 494 1691 hostes
517 1643 638 1688 mille
661 1642 863 1705 passuum
883 1643 936 1689 ab
967 1643 1140 1706 oppido
1170 1656 1290 1690 trans
1311 1642 1504 1690 fluvium

222 1717 471 1765 moviffent
488 1714 652 1772 castra,
675 1713 831 1761 consul
851 1715 1034 1773 urbem,
1054 1714 1171 1761 haud
1195 1714 1328 1761 dubie
1350 1714 1508 1762 serva-

223 1803 315 1836 tam
341 1789 541 1835 adventu
567 1785 671 1844 suo,
695 1786 756 1832 est
779 1785 1008 1849 ingressus.
1036 1786 1220 1834 Postero
1253 1787 1324 1833 die
1343 1788 1391 1834 ὅ(
1413 1787 1504 1850 ipse

223 1875 346 1908 trans
367 1861 559 1907 fluvium
580 1859 669 1905 fere
687 1858 959 1923 quingentos
980 1859 1121 1922 paffus
1140 1860 1195 1906 ab
1212 1859 1336 1906 hoste
1357 1859 1506 1922 posuit

225 1935 374 1983 castra.
402 1934 504 1979 inde
523 1932 698 1978 levibus
716 1932 889 1995 proeliis
908 1950 933 1979 a
959 1933 1331 1995 populationibus
1350 1949 1504 1994 agrum

221 2008 451 2055 sociorum
483 2007 722 2054 tutabatur.
753 2007 799 2053 in
833 2007 973 2053 aciem
1006 2007 1128 2054 exire
1161 2024 1257 2052 non
1287 2006 1506 2064 audebat,

223 2095 356 2126 novo
385 2076 552 2135 milite,
574 2079 623 2124 &
641 2094 696 2123 ex
716 2077 867 2123 multis
891 2077 1127 2140 generibus
1145 2076 1382 2123 hominum
1405 2076 1507 2123 col-

224 2151 340 2197 le&o
357 2186 370 2207 ‚
387 2149 578 2195 necdum
605 2160 719 2193 noto
745 2148 844 2195 satis
862 2150 978 2195 inter
997 2148 1038 2195 se
1053 2185 1067 2206 ‚
1085 2161 1134 2195 ut
1157 2148 1290 2195 fidere
1315 2149 1390 2195 alii
1409 2150 1505 2198 aliis

223 2224 414 2287 poss'ent.
437 2223 617 2285 Ligures
652 2221 935 2268 multitudine
955 2222 1057 2269 freti
1077 2224 1128 2270 &
1161 2222 1208 2269 in
1234 2222 1375 2269 aciem
1404 2223 1506 2269 exi-

223 2299 359 2356 bant,
394 2297 535 2360 parati
560 2297 612 2342 de
637 2295 801 2341 summa
823 2312 972 2342 rerum
1001 2297 1269 2344 decernere:
1291 2297 1339 2342 &
1361 2295 1507 2341 abun-

225 2372 379 2416 dantes
411 2369 603 2415 militum
636 2385 829 2414 numero
860 2369 1013 2431 paffim
1042 2369 1206 2416 multas
1238 2383 1394 2414 manus
1427 2385 1506 2431 per

222 2460 425 2493 extrema
444 2443 601 2491 finium
618 2444 674 2491 ad
691 2443 982 2507 praedandum
998 2443 1289 2493 emittebant:
1309 2443 1384 2503 δε,
1404 2459 1507 2491 cum
