1618 2715
252 129 796 180 HISTORIARUM
831 127 954 176 LIB.
990 126 1245 175 XXXVIII.
1316 142 1401 191 205

127 234 342 299 capiunt,
375 237 425 284 &
449 233 661 281 omnibus
688 231 832 296 portis
861 231 915 278 ad
937 246 1073 294 opem
1092 228 1319 277 ferendam
1342 231 1410 278 es-

130 308 396 356 funduntur.
424 310 533 355 Uno
562 306 609 353 in
640 305 748 352 loco
770 303 890 350 ferro
914 303 1093 366 ignique
1112 302 1227 365 gesta
1243 319 1312 348 res
1332 303 1409 352 est,

130 395 157 426 a
191 380 368 427 duobus
401 379 531 426 irrito
570 379 754 439 incepto
775 411 789 434 ‚
834 391 936 422 cum
970 374 1201 420 tentaffent
1235 375 1374 438 magis
1394 411 1411 434 ,

130 471 268 518 quam
286 454 462 500 inissent
476 489 489 511 ,
510 466 757 511 certamen,
774 450 915 498 AEtoli
933 449 1241 497 abscesserunt.
1262 452 1412 497 Atrox

130 542 280 590 pugna
298 526 345 573 in
364 545 504 574 unum
526 527 820 574 inclinaverat
835 525 1007 571 locum.
1028 522 1089 569 ibi
1109 522 1289 571 diversis
1308 540 1412 586 par-

132 599 252 646 tibus
272 599 363 646 duo
386 600 521 647 duces
540 598 816 661 Eupolemus
836 599 887 645 δε
907 597 1185 644 Nicodamus
1208 614 1413 660 pugnan-

131 683 199 720 tes
229 673 527 721 hortabantur
543 709 557 731 ,
582 675 631 721 &
657 689 801 736 prope
829 683 949 720 certa
968 670 1190 717 fovebant
1210 669 1305 733 spe,
1324 670 1412 730 jam

132 745 414 793 Nicandrum
444 762 500 791 ex
525 743 780 807 composito
810 743 980 802 affore,
1008 744 1199 806 &terga
1219 743 1415 790 hostium

133 818 412 867 invasurum.
433 821 542 867 Haec
559 835 627 866 res
645 818 916 881 aliquamdiu
934 817 1108 865 animos
1123 817 1413 880 pugnantium

135 891 353 940 sustinuit.
386 905 611 950 ceterum,
636 891 872 954 postquam
906 890 1077 936 nullum
1103 906 1158 936 ex
1188 889 1417 952 compofi-

134 977 187 1012 to
210 965 382 1028 signum
401 983 425 1012 a
444 965 531 1012 suis
558 963 861 1026 accipiebant,
885 965 934 1010 &
955 962 1150 1009 crescere
1178 979 1417 1009 numerum

135 1038 332 1084 hostium
351 1038 612 1096 cernebant,
632 1036 824 1084 destituti
846 1036 1018 1099 segnius
1036 1035 1220 1082 instare:
1244 1035 1418 1098 postrem-

136 1125 246 1165 mo,
278 1126 325 1156 re
352 1109 533 1168 omissa,
558 1109 646 1171 jam
670 1109 749 1158 vix
770 1121 870 1156 tuto
898 1120 1082 1171 receptu
1100 1143 1114 1165 ,
1134 1107 1352 1171 fugientes
1373 1108 1419 1154 in
1473 1163 1476 1166 ι

136 1182 294 1228 urbem
313 1182 672 1245 compelluntur,
692 1192 816 1245 parte
834 1197 1023 1244 operum
1043 1180 1244 1238 incensa,
1257 1182 1306 1227 &
1322 1180 1419 1242 plu·

136 1253 259 1300 ribus
291 1254 550 1317 aliquantO,
580 1271 713 1317 quam
746 1252 826 1315 ips1
854 1253 1129 1310 ceciderant,
1162 1251 1421 1298 interfeffis.

138 1327 267 1390 quod
284 1327 315 1373 fi
334 1344 389 1374 ex
411 1327 665 1390 composito
697 1328 791 1374 afta
813 1343 882 1373 res
899 1325 1043 1373 fuisset
1058 1363 1070 1385 ,
1102 1327 1215 1372 haud
1234 1325 1420 1372 dubium

138 1411 233 1443 erat
250 1433 264 1455 ‚
296 1398 544 1462 expugnari
566 1415 654 1445 una
671 1398 824 1461 utique
845 1409 969 1460 parte
988 1414 1125 1460 opera
1142 1414 1242 1444 cum
1263 1413 1422 1462 magna

139 1471 261 1516 caede
280 1471 473 1519 hostium
494 1472 698 1536 potuiffe.
731 1472 1093 1531 Ambracienses,
1121 1472 1286 1535 quique
1304 1471 1424 1517 intus

138 1558 266 1591 erant
286 1546 454 1604 AEtoli,
486 1562 580 1592 non
604 1547 658 1593 ab
679 1545 771 1608 ejus
794 1546 937 1593 solum
967 1546 1109 1592 noffis
1142 1546 1326 1607 incepto
1355 1561 1422 1589 re-

140 1618 329 1675 cessere,
351 1618 422 1665 sed
440 1619 486 1664 in
505 1618 726 1682 reliquum
746 1635 930 1681 quoque
948 1630 1150 1680 tempus,
1165 1616 1292 1664 velut
1312 1633 1424 1679 pro-

141 1689 223 1734 diti
251 1707 275 1735 a
301 1689 387 1736 suis
406 1726 420 1748 ,
450 1690 676 1754 segniores
700 1690 753 1736 ad
778 1689 975 1752 pericula
996 1700 1136 1735 erant.
1168 1687 1255 1749 jam
1286 1703 1422 1733 nemo

142 1763 457 1826 eruptionibus
475 1798 490 1822 ,
523 1775 574 1810 ut
603 1780 734 1821 ante,
765 1764 811 1809 in
844 1761 1055 1809 stationes
1081 1760 1274 1808 hostium
1294 1795 1307 1817 ,
1336 1759 1427 1818 sed,

142 1835 341 1898 dispositi
370 1854 450 1899 per
469 1853 622 1884 muros
644 1839 693 1885 &
710 1849 879 1892 turres,
914 1852 970 1881 ex
1001 1846 1100 1881 tuto
1120 1832 1391 1897 pugnabant.

209 1912 304 1957 Vll.
339 1911 542 1970 Perseus,
576 1911 655 1957 ubi
684 1909 825 1958 adeffe
839 1908 1017 1956 AEtolos
1048 1907 1246 1965 audivit,
1268 1905 1424 1953 omissa

143 1982 381 2030 obsidione
412 1984 564 2042 urbis,
599 2000 733 2047 quam
767 1981 1086 2045 oppugnabat,
1126 1979 1425 2042 depopulatus

141 2066 316 2101 tantum
354 2072 483 2118 agros
503 2092 518 2114 ,
557 2054 929 2118 Amphilochiam
966 2052 1148 2099 excessit
1167 2087 1180 2108 ‚
1213 2063 1344 2113 atque
1380 2050 1428 2095 in

146 2127 463 2174 Macedoniam
491 2128 633 2174 rediit.
664 2130 720 2173 Et
753 2126 930 2174 AEtolos
957 2125 1061 2172 inde
1095 2122 1312 2170 avocavit
1340 2138 1429 2183 po-

109 2215 114 2218 ·
145 2197 321 2260 pulatio
352 2198 586 2244 maritimae
618 2214 726 2244 orae.
758 2197 988 2243 Pleuratus
1014 2193 1283 2258 Illyriorum
1319 2209 1428 2249 rex,

145 2287 249 2317 cum
278 2267 502 2336 sexaginta
523 2271 679 2318 lembis
701 2270 992 2317 Corinthium
1027 2267 1167 2313 finum
1201 2266 1431 2325 inve&u5‚

146 2342 364 2403 adjunffis
383 2344 680 2402 Achaeorum,
716 2360 815 2406 quae
844 2343 984 2388 Patris
1015 2352 1172 2395 erant,
1208 2339 1431 2394 navibuS‚

148 2415 369 2464 maritima
380 2416 559 2465 AEtoliae
572 2415 782 2466 vastabat.
808 2412 1017 2464 adversus
1034 2431 1095 2479 qu
1104 2430 1155 2463 os
1172 2414 1292 2464 mille
1308 2413 1430 2464 AEt0=
