1618 2715
228 114 287 174 76
592 115 1160 165 T1T1L1v11

228 225 393 272 stituit:
424 239 542 272 ratus
563 227 637 272 vel
667 238 842 272 terrore
863 238 1110 274 ceterarum
1133 237 1516 290 expugnatarum,

227 299 298 345 vel
324 297 546 345 beneficio
578 297 765 359 praefidii
798 298 983 355 dimiffi,
1012 299 1087 344 vel
1119 298 1331 360 exemplo
1352 310 1423 344 tot
1448 298 1514 345 ci-

228 371 420 416 vitatum
455 370 713 415 dedentium
750 369 835 415 sese
858 406 871 425 ‚
913 386 1009 415 non
1043 370 1157 417 ultra
1190 370 1236 415 in
1273 370 1516 432 pertinacia

227 444 473 491 mansuros.
507 443 768 506 Elephantis
799 443 868 507 agi
904 456 1005 491 ante
1029 443 1150 508 signa
1177 443 1363 491 terroris
1389 444 1517 492 causa

226 519 375 581 juffis,
410 520 629 581 quadrato
659 518 833 582 agmine
867 519 921 564 ad
953 518 1107 564 urbem
1141 512 1335 566 inceflit:
1364 532 1414 565 ut
1442 519 1516 565 in-

227 593 341 639 certi
375 591 693 637 fluetuarentur
724 591 859 637 animi
898 608 1072 654 magnae
1108 591 1243 652 partis
1283 591 1517 638 Lariffaeoo

227 683 328 712 rum
362 666 478 710 inter
506 676 674 710 metum
704 663 960 725 praesentem
983 663 1178 710 hostium
1212 666 1260 712 &
1292 680 1517 710 verecun-

229 738 348 783 diam
376 737 625 783 absentium
652 736 895 782 sociorum.
927 737 1010 782 Per
1037 735 1214 782 eosdem
1246 736 1337 784 dies
1365 739 1517 798 Amy-

231 812 401 858 nander
431 828 530 858 cum
563 811 863 857 Athamanum
898 808 1136 870 juventute
1166 823 1362 872 occupat
1382 809 1520 856 Pelli-

231 901 382 929 naeum
405 902 415 930 ε
451 884 498 930 &
518 882 760 945 Menippus
775 919 788 939 ,
810 899 910 929 cum
932 880 1073 927 tribus
1098 881 1294 927 millibus
1318 882 1520 944 peditum

231 957 488 1003 AEtolorum
504 957 551 1002 &
567 956 766 1002 ducentis
788 954 1011 1016 equitibus
1030 954 1074 999 in
1095 955 1390 1001 Perrhaebiam
1408 972 1517 1018 pro-

230 1029 395 1086 fectus,
417 1029 653 1075 Malloeam
689 1030 738 1075 ὅ(
765 1027 973 1091 Cyretias
1008 1026 1057 1071 vi
1092 1026 1237 1087 cepit,
1270 1027 1521 1088 depopula-

230 1101 388 1164 tusque
406 1101 467 1148 est
486 1118 638 1165 agrum
660 1100 1012 1163 Tripolitanum.
1035 1098 1116 1145 His
1132 1098 1290 1162 raptim
1309 1099 1521 1161 peractis,

232 1175 440 1221 Larissam
469 1175 524 1220 ad
553 1190 698 1236 regem
730 1174 947 1218 redeunt:
975 1171 1277 1226 consultanti,
1307 1171 1520 1234 quidnam

232 1247 453 1308 agendum
493 1246 598 1292 esset
639 1247 693 1291 de
727 1243 920 1299 Lariffa‚
956 1243 1325 1305 supervenerunt.
1372 1242 1435 1289 lbi
1474 1242 1522 1289 in

233 1318 455 1366 diversum
489 1317 718 1364 sententiae
752 1316 1019 1362 tendebant:
1040 1315 1162 1373 aliis,
1183 1315 1278 1369 vim
1307 1307 1523 1361 adhiben-

234 1392 363 1446 dam,
385 1391 433 1436 ὅ(
454 1406 549 1436 non
579 1388 873 1434 differendum
904 1387 1215 1445 censentibus,
1236 1387 1344 1451 quin
1372 1386 1523 1449 operi·-
1584 1424 1586 1426 .

232 1465 317 1511 bus
335 1482 386 1511 ac
406 1462 624 1510 machinis
646 1462 772 1508 simul
803 1460 1007 1525 ttndiqtte
1037 1462 1209 1507 moenia
1228 1461 1521 1525 aggrederen-

233 1551 306 1585 tur
325 1538 447 1585 urbis
464 1539 560 1601 *sitae
591 1538 636 1583 in
659 1537 797 1600 plano
813 1573 827 1595 ‚
848 1548 1036 1598 apertae‚
1064 1536 1294 1598 campestri
1320 1535 1522 1599 undique

237 1611 383 1657 aditu:
414 1611 510 1658 aliis
547 1627 670 1658 nunc
707 1610 827 1657 vires
872 1609 1026 1667 urbis,
1052 1626 1333 1671 nequaquam
1373 1608 1524 1654 Pheris

237 1682 548 1740 conferendae,
578 1681 966 1737 memorantibus;
986 1698 1106 1727 nunc
1132 1680 1324 1726 hiemem
1344 1680 1393 1726 δέ
1411 1690 1526 1730 tem-,

236 1772 319 1819 pus
353 1756 458 1801 anni
502 1754 615 1802 nulli
653 1754 828 1801 bellicae
856 1752 952 1812 rei,
978 1752 1164 1798 minime
1201 1751 1427 1798 obfidioni
1456 1762 1525 1798 at-

236 1845 324 1892 que
356 1828 688 1891 oppugnationi
707 1827 882 1873 urbium
899 1862 913 1883 ‚
938 1838 1104 1887 aptum.
1137 1827 1315 1871 Incerto
1336 1823 1428 1886 regi
1455 1822 1526 1869 in-

236 1915 304 1948 ter
338 1901 458 1964 spem
494 1916 752 1963 metumque
783 1898 959 1962 legatia
981 1895 1188 1943 Pharsalo
1208 1931 1222 1954 ,
1251 1894 1328 1958 qui
1358 1895 1413 1940 ad
1446 1894 1525 1940 de·-

236 1973 425 2019 dendam
456 1973 612 2018 urbem
644 1971 764 2017 suam
794 1969 912 2016 forte
948 1979 1198 2024 venerant,
1229 1966 1403 2012 animos
1440 1983 1524 2011 au-
1607 1994 1608 2030 g

238 2056 415 2091 xerunt.
448 2045 512 2090 M.
543 2043 719 2090 Baebius
743 2042 923 2089 interim
942 2077 956 2100 ‚
987 2058 1087 2089 cum
1112 2039 1321 2102 Philippo
1339 2038 1386 2084 in
1411 2037 1524 2085 Das-

240 2118 408 2164 }‘aretiis
457 2118 713 2180 congressus
737 2153 754 2173 ‚
797 2118 881 2178 Ap.
913 2114 1153 2161 Claudium
1194 2130 1251 2160 ex
1291 2111 1526 2161 communi
1596 2153 1603 2160 .

239 2189 431 2236 consilio
465 2190 520 2236 ad
550 2187 801 2251 praesidium
830 2187 1006 2234 Lariffae
1043 2187 1158 2233 misit
1177 2222 1191 2244 ,
1221 2185 1300 2249 qui
1330 2201 1408 2246 per
1428 2185 1526 2230 Ma-

241 2262 478 2309 cedoniam
514 2262 687 2325 magnis
730 2260 962 2306 itineribus
994 2260 1040 2305 in
1075 2259 1228 2322 jugum
1266 2257 1528 2313 montium,

240 2336 367 2396 quod
391 2334 517 2397 super
540 2336 737 2380 Gonnos
759 2332 844 2390 est,
863 2332 1086 2395 pervenit.
1112 2329 1344 2392 Oppidum
1366 2327 1526 2375 Gonni

242 2408 408 2472 viginti
426 2408 566 2457 millia
588 2409 644 2456 ab
672 2406 834 2456 Lariffa
867 2406 1014 2468 abest,
1035 2405 1081 2454 in
1099 2403 1201 2469 ipsis
1220 2402 1421 2454 faucibus
1443 2401 1528 2448 salv
