1618 2715
310 132 852 182 HtsroniARUM
886 130 1006 175 Lm.
1043 130 1139 176 XL.
1304 128 1391 190 381

119 242 330 290 confe&0
359 241 526 288 delefitu
542 277 557 299 ‚
579 256 738 304 negare
760 238 802 286 se
822 238 966 285 ituros
982 273 996 296 ,
1016 253 1101 285 nec
1119 236 1235 283 suam
1258 237 1403 301 segni-

118 317 224 362 tiem
241 352 255 372 ,
277 314 350 360 sed
375 314 471 360 vim
492 314 665 372 morbi,
683 314 729 360 in
753 312 878 359 causa
899 311 982 357 effe
996 346 1011 368 ‚
1031 326 1124 373 quo
1149 309 1282 355 serius
1302 327 1404 372 per-

116 388 336 435 ficeretur.
357 403 452 432 non
475 400 625 434 tamen
645 397 891 450 potuerunt
912 384 1119 431 sustinere
1137 384 1401 433 consensum

117 462 289 508 senatus
304 497 317 518 ‚
350 461 459 523 quin
483 462 677 523 paludati
699 460 873 506 exirent
890 495 904 517 ‚
935 461 984 506 &
1012 458 1228 506 militibus
1247 495 1260 516 ,
1283 475 1402 522 quos

120 534 401 596 conscriptos
420 535 649 592 haberent,
663 534 779 579 diem
798 526 1041 590 edicerent,
1058 548 1150 594 quo
1170 531 1285 577 Pisas
1302 549 1406 578 con-

121 609 340 656 venirent.
370 607 646 670 permissum,
667 619 745 665 ut,
768 623 854 670 qua
879 605 1024 662 irent,
1055 604 1262 668 prOtinus
1288 603 1405 651 subi-

122 680 258 727 tarios
295 679 458 726 milites
495 678 742 725 scriberent
763 711 776 734 ‚
812 677 1114 738 ducerentque
1151 674 1314 722 secum.
1351 678 1406 722 Et

125 752 418 816 praetoribus,
436 753 497 812 Q.
515 750 694 798 Petillio
715 751 764 798 &
781 751 841 810 Q,
861 748 997 795 Fabio
1010 785 1023 807 ‚
1045 747 1310 810 imperatum
1330 746 1411 806 est,

125 838 176 872 ut
205 825 402 871 petillius
432 825 539 871 duas
570 823 771 888 legiones
803 822 972 870 civium
995 823 1306 868 Romanorum
1333 832 1408 866 tu-

69 909 73 914 “
127 897 384 943 multuarias
414 895 621 943 scriberet
640 932 654 951 ‚
683 897 732 943 &
762 911 920 942 omnes
954 895 1152 940 minores
1181 894 1410 958 quinqua-

104 971 248 1034 ‘ginta
282 969 409 1017 annis
442 969 719 1015 sacramento
753 979 928 1030 rogaret
959 985 968 1012 :
1007 967 1173 1024 Fabio,
1198 979 1247 1013 ut
1277 966 1409 1014 sociis

126 1045 271 1091 Latini
290 1043 488 1090 nominis
506 1042 762 1106 quindecim
780 1041 918 1087 millia
937 1041 1135 1103 peditum
1149 1077 1162 1099 ,
1179 1042 1411 1105 offingen·

128 1133 200 1165 tos
230 1118 398 1181 equites
423 1117 673 1179 imperaret.
708 1115 956 1162 Duumviri
986 1115 1168 1161 navales
1197 1116 1331 1162 creati
1354 1117 1410 1165 C.

128 1191 354 1239 Matienus
372 1191 422 1236 &
441 1190 495 1235 C.
510 1189 743 1235 Lucretius
756 1224 768 1245 ‚
789 1187 1012 1250 navesque
1027 1187 1078 1233 iis
1098 1200 1268 1234 ornatae
1286 1188 1410 1242 sunt;

129 1265 453 1326 Matienoque,
483 1262 608 1323 cujus
645 1263 700 1308 ad
731 1262 956 1307 Gallicum
993 1261 1133 1307 finum
1171 1262 1411 1324 provincia

130 1350 224 1384 erat
240 1373 253 1395 ‚
273 1338 538 1400 imperatum
560 1335 642 1392 est,
665 1347 714 1381 ut
734 1336 906 1382 classem
925 1334 1075 1397 primo
1097 1351 1278 1397 quoque
1299 1351 1415 1382 tem·

132 1426 246 1473 pore
269 1410 450 1455 duceret
479 1408 525 1454 in
548 1409 762 1470 Ligurum
786 1423 940 1466 oram,
961 1407 991 1452 fi
1019 1423 1113 1471 quo
1135 1407 1233 1455 usui
1263 1408 1346 1455 ess'e
1365 1411 1415 1458 L.

132 1484 318 1531 AEmilio
350 1495 483 1545 atque
512 1481 605 1543 ejus
631 1482 851 1529 exercitui
885 1481 1040 1544 poss‘et.

200 1559 392 1603 XXVII,
415 1555 618 1602 AEmilius
636 1591 652 1611 ,
674 1554 909 1618 postquam
937 1555 1051 1600 nibil
1076 1554 1258 1619 usquam
1287 1555 1418 1603 auxi-

135 1631 185 1677 lii
212 1629 550 1686 ostendebatur,
576 1628 853 1691 interceptos
882 1630 1066 1676 credens
1095 1629 1295 1691 equites,
1323 1647 1420 1676 non

136 1704 250 1751 ultra
281 1702 575 1749 differendum
604 1714 725 1747 ratus
741 1738 754 1760 ,
775 1702 884 1765 quin
904 1718 988 1764 per
1011 1701 1053 1748 se
1073 1700 1298 1747 fortunam
1319 1714 1419 1748 ten-

138 1789 276 1835 taret,
298 1775 552 1838 priusquam
586 1775 733 1821 hostes
762 1774 997 1833 venirent,
1021 1775 1100 1838 qui
1128 1774 1216 1835 jam
1244 1775 1418 1838 segnius

136 1848 460 1911 socordiusque
479 1849 818 1911 oppugnabant,
838 1849 892 1893 ad
911 1860 1103 1911 quatuor
1121 1860 1272 1910 portas
1293 1866 1418 1894 exer-

138 1922 279 1970 citum
311 1920 518 1967 instruxit
533 1956 546 1977 ,
569 1935 647 1978 ut,
673 1920 800 1983 signo
821 1920 927 1965 dato
947 1955 960 1975 ,
983 1919 1111 1980 simul
1132 1937 1187 1966 ex
1207 1921 1421 1967 omnibus

141 1995 345 2058 partibus
373 1993 658 2056 eruptionem
686 1992 897 2040 facerent.
929 1993 1141 2051 Quatuor
1171 1995 1419 2039 extraordi-

142 2068 278 2114 nariis
307 2067 572 2114 cohortibus
602 2067 710 2113 duas
730 2065 935 2127 adjunxit
952 2101 965 2122 ,
986 2066 1228 2128 praepofito
1251 2069 1313 2113 M.
1334 2069 1376 2111 V
1379 2084 1422 2113 a-

139 2142 257 2188 lerio
289 2141 464 2204 legato:
497 2157 728 2204 erumpere
755 2139 1106 2188 extraordinaria
1133 2152 1264 2201 porta
1293 2140 1420 2198 justit.

144 2216 200 2262 ad
233 2215 459 2261 dexteram
499 2214 787 2278 principalem
824 2213 1016 2258 hastatos
1045 2211 1236 2274 legionis
1267 2212 1422 2274 primae

146 2287 383 2343 instruxit3
414 2287 640 2350 principes
669 2304 725 2333 ex
758 2287 909 2334 eadem
944 2286 1120 2347 legione
1149 2285 1197 2331 in
1225 2284 1422 2331 subsidiis
1468 2319 1473 2324 .

146 2359 326 2422 posuit:
359 2363 422 2408 M.
450 2360 668 2406 Servilius
695 2362 743 2407 &
771 2362 820 2405 L.
840 2357 1089 2420 Sulpicius,
1111 2356 1281 2403 tribuni
1310 2357 1423 2404 mili-

152 2442 245 2477 tum
261 2467 276 2489 ‚
295 2431 364 2478 his
387 2431 635 2494 praepositi.
657 2431 810 2478 Tertia
829 2430 947 2494 legio
964 2429 1174 2478 adversus
1198 2431 1424 2494 principa-
