1618 2715
270 116 803 164 H1sToR1ARUM
839 119 962 166 LlB.
995 120 1235 172 XXXVII.
1308 141 1389 191 145

124 219 170 266 in
206 221 342 268 castra
374 221 590 284 compulsi
622 222 732 270 sunt.
775 225 883 271 Haec
913 225 1178 272 Achaeorum
1213 232 1395 279 audacia

125 293 356 341 Seleucum
387 310 441 338 ex
465 310 572 356 agro
594 295 865 357 Pergameno
891 312 1079 342 movere
1114 299 1249 346 castra
1283 320 1393 350 coe—

123 366 200 428 git.
240 367 522 425 Antiochus,
556 369 789 431 postquam
811 370 1044 417 Romanos
1073 374 1120 419 &
1149 375 1394 425 Eumenem

123 438 178 483 ad
203 439 416 484 tuendum
448 439 792 503 Adramytteum
813 440 977 487 venisse
1003 442 1196 500 audivit,
1219 462 1267 491 ea
1292 448 1396 509 qui-

120 510 223 556 dem
242 511 350 556 urbe
368 511 602 569 abstinuit,
626 512 917 574 depopulatus
936 531 1077 576 agros.
1112 517 1300 563 Peraeam
1321 518 1394 564 in-

122 585 207 641 de,
229 584 457 631 coloniam
482 585 849 648 Mitylenaeorum
873 589 1159 650 expugnavit.
1191 591 1394 651 Cotton,

121 659 173 704 &
204 657 490 720 Corylenus,
523 658 572 703 &
604 658 916 720 Aphrodisias,
948 661 996 705 δέ
1030 661 1208 720 Grene,
1244 663 1393 725 primo

122 727 291 790 impetu
310 734 448 790 captae
466 728 578 774 sunt.
608 729 709 775 inde
728 746 806 791 per
829 730 1047 792 Thyatira
1067 715 1219 778 §ardes
1247 735 1394 784 rediit.

120 801 357 858 Seleucus,
393 801 437 846 in
465 801 684 847 maritima
705 818 783 847 ora
803 819 1093 863 permanens,
1123 805 1216 851 aliis
1243 820 1392 854 terro-

120 872 188 929 ri,
221 871 314 917 aliis
344 871 547 933 praefidio
573 884 678 917 erat.
710 873 863 918 Claflis
883 874 1084 920 Romana
1105 892 1205 922 cum
1225 879 1391 925 Eume-

120 960 178 991 ne
202 942 475 1005 Rhodiisque
495 943 748 1006 Mitylenen
764 944 917 1005 ,primo
934 981 946 1000 ,
974 946 1075 992 inde
1094 960 1213 995 retro
1229 986 1244 1006 ,
1270 951 1391 998 uncle

120 1016 316 1092 profeflla
339 1029 454 1071 erat,
476 1016 637 1062 Elaeam
668 1017 810 1064 rediit.
846 1018 950 1064 lnde
968 1020 1199 1067 Phocaeam
1230 1036 1388 1084 peten-

118 1102 186 1136 tes
205 1090 259 1135 ad
285 1088 497 1144 insulam,
527 1105 656 1152 quam
682 1089 894 1135 Bachium
925 1106 1121 1150 vocant,
1158 1093 1391 1156 (imminet

119 1160 219 1208 urbi
253 1159 615 1223 Phocaeensium)
651 1162 944 1223 appulerunt,
978 1165 1054 1219 &‚
1092 1166 1250 1227 quibus
1284 1180 1389 1214 ante

118 1233 415 1279 abstinuerant
431 1233 604 1295 templis
622 1233 834 1295 signisque
847 1270 859 1289 ,
876 1234 1073 1298 (egregie
1091 1250 1234 1284 autem
1255 1256 1389 1286 exor-

120 1318 223 1352 nata
258 1305 398 1352 insula
433 1304 554 1368 erat)
592 1323 693 1352 cum
736 1307 953 1354 hostiliter
991 1310 1294 1370 diripuissent,
1333 1313 1389 1359 ad

121 1376 257 1439 ipsam
297 1377 449 1423 urbem
486 1377 826 1425 transmiserunt.
871 1395 967 1425 eam
1004 1381 1156 1428 divisis
1189 1383 1304 1429 inter
1346 1384 1389 1431 se

119 1449 318 1511 partibus
341 1466 441 1496 cum
465 1463 776 1511 oppugnarent
794 1485 808 1508 ,
840 1452 890 1497 &
911 1452 1140 1510 viderent,
1167 1454 1256 1500 sine
1278 1472 1390 1517 ope-

120 1521 243 1568 ribus
261 1557 274 1578 ,
305 1522 434 1568 armis
463 1521 672 1585 scalisque
698 1523 794 1585 capi
829 1539 924 1569 non
951 1525 1101 1585 posse3
1135 1527 1307 1573 missum
1332 1530 1391 1574 ab

121 1593 351 1641 Antiocho
370 1594 614 1656 praesidium
637 1594 768 1640 trium
786 1595 972 1641 millium
990 1610 1262 1646 armatorum
1286 1618 1388 1647 cum

122 1664 318 1711 intrasset
340 1667 522 1720 urbem;
555 1666 808 1728 extemplo,
838 1670 1179 1730 oppugnatione
1208 1672 1390 1730 omissa,

122 1736 263 1783 claffis
283 1737 337 1783 ad
357 1736 541 1784 insulam
565 1736 607 1783 se
636 1739 832 1799 recepit,
864 1740 977 1786 nihil
1006 1741 1127 1788 aliud
1148 1760 1278 1806 quam
1308 1746 1390 1791 de·-

122 1810 343 1872 populato
377 1810 493 1857 circa
514 1811 668 1856 urbem
689 1811 881 1858 hostium
909 1831 1033 1877 agro.

190 1883 329 1928 XX11.
360 1883 463 1928 Inde
500 1883 666 1945 placuit
697 1887 937 1931 Eumenem
977 1888 1159 1934 domum
1194 1889 1391 1949 dimitti,

124 1953 174 1998 &
194 1969 439 2014 praeparare
458 1953 627 1999 consuli
649 1965 776 2016 atque
799 1955 1036 2013 exercitui,
1055 1975 1153 2020 quae
1170 1960 1222 2004 ad
1242 1960 1394 2006 transi·-

125 2035 219 2069 tum
243 2025 517 2086 Hellesponti
548 2041 660 2087 opus
688 2026 847 2072 essent:
875 2029 1120 2074 Romanam
1142 2030 1393 2076 Rhodiam-

125 2113 212 2158 que
238 2096 409 2142 classem
447 2098 587 2143 redire
619 2099 795 2144 Samum
817 2135 831 2155 ‚
866 2112 996 2162 atque
1028 2102 1089 2146 ihi
1120 2102 1166 2147 in
1204 2103 1393 2150 statione

125 2168 244 2226 esse,
284 2185 337 2214 ne
379 2168 681 2231 Polyxenidas
714 2171 769 2215 ab
809 2171 982 2232 Epheso
1021 2186 1244 2239 moveret*
1296 2175 1395 2220 Rex

127 2241 287 2288 Elaeam
309 2277 322 2298 ,
352 2241 547 2287 Romani
579 2243 627 2294 &
658 2241 824 2288 Rhodii
856 2244 1030 2289 Samum
1056 2245 1293 2291 redierunt.
1329 2246 1396 2292 lbi

125 2317 190 2360 M.
216 2314 445 2371 AEmilius,
465 2314 599 2361 frater
618 2315 823 2376 praetoris
841 2352 855 2374 ,
885 2316 1072 2363 decessit.
1109 2317 1294 2373 Rhodii,
1318 2335 1398 2364 ce-

128 2387 307 2434 lebratis
344 2387 589 2451 exsequiis,
627 2389 836 2438 adversus
868 2389 1071 2448 claffem,
1107 2407 1242 2452 quam
1279 2390 1396 2440 fama

195 2460 245 2510 T.
273 2463 364 2509 Liv.
397 2466 495 2512 Vol.
529 2466 574 2509 V
573 2465 611 2514 I„
916 2455 918 2458 ‚
1096 2462 1140 2509 K
