1618 2715
197 98 259 163 96
558 95 1114 146 T1T1L1vtt

197 215 248 265 ut
267 201 501 249 vicioriam
526 202 604 264 ipsi
630 202 897 267 populoque
918 205 1131 253 Romano
1153 205 1478 270 gratulareturj

198 276 542 339 excusaretque,
564 276 690 338 quod
708 277 871 322 morbo
896 276 1132 339 impeditus
1152 279 1272 326 bello
1292 296 1386 326 non
1409 279 1478 336 in-

197 346 437 404 terfuiflet,
471 347 739 410 congressus.
788 347 893 394 inde
923 348 1085 395 diverfi
1118 352 1172 397 ad
1208 351 1315 397 duas
1350 350 1477 398 simul

195 422 517 501 oppugnandas
545 420 676 466 urbes
704 419 908 482 profeffi.
933 422 1160 475 intersunt
1190 423 1357 487 septem
1375 423 1479 469 mil-

194 477 254 546 ha
289 493 425 540 ferme
452 493 666 556 pastuum.
699 494 749 549 &
779 492 883 555 quia
911 493 1064 540 Lamia
1096 495 1196 542 cum
1236 496 1378 559 posita
1414 496 1478 542 est

194 567 241 615 in
263 569 464 624 tumulo,
493 579 586 612 tum
608 566 837 630 regionem
863 584 913 613 ea
935 569 1130 615 maxime
1150 569 1367 633 despeciat
1387 587 1477 633 op-

192 628 346 704 pidum
363 677 377 699 ,
409 658 495 704 qua
530 641 670 687 breve
697 640 989 686 intervallum
1009 641 1213 702 videtur,
1248 646 1298 692 &
1322 644 1478 690 omnia

193 714 242 760 in
262 714 501 777 conspefflu
523 714 652 770 sunt3
686 731 788 761 cum
811 711 928 759 enise
943 750 956 770 ,
974 714 1102 761 velut
1123 717 1360 779 propofito
1380 735 1479 764 cer-

193 789 394 847 tamine,
431 788 628 834 Romani
662 788 1023 851 Macedonesque
1059 789 1175 836 diem
1208 807 1260 837 ac
1296 792 1476 839 noiiem

191 875 267 910 aut
292 863 338 908 in
364 861 576 924 operibus
593 898 607 920 ‚
628 875 702 908 aut
732 861 779 906 in
811 861 986 924 proeliis
1014 861 1150 908 effent
1169 897 1182 920 ‚
1214 863 1306 910 hoc
1333 864 1476 926 major

192 935 431 988 difficultas
459 934 786 981 Macedonibus
814 945 932 991 erat,
960 933 1085 996 quod
1101 935 1296 981 Romani
1321 952 1477 999 aggere

193 1009 244 1056 &
267 1008 413 1054 vineis
429 1043 442 1063 ‚
468 1010 516 1056 ὃ(
543 1007 754 1054 omnibus
780 1006 907 1069 supra
926 1020 1088 1054 terram
1108 1009 1322 1071 operibus
1338 1045 1352 1066 ,
1373 1009 1477 1055 sub-

191 1093 264 1128 tus
284 1081 557 1127 Macedones
577 1079 798 1126 cuniculis
825 1081 1173 1143 oppugnabant:
1210 1084 1259 1129 &
1284 1082 1330 1128 in
1353 1082 1478 1144 aspe-

193 1153 253 1202 ris
289 1153 400 1200 locis
431 1152 538 1198 filex
572 1151 684 1215 saepe
719 1151 1068 1214 impenetrabilis
1102 1153 1224 1199 ferro
1260 1170 1476 1201 occurre-

192 1227 284 1274 bat.
313 1228 362 1274 &
377 1263 389 1284 ‚
417 1244 519 1273 cum
539 1243 693 1290 parum
712 1226 974 1288 procederet
998 1225 1227 1288 inceptum
1242 1261 1256 1284 ,
1281 1243 1361 1290 per
1381 1227 1477 1275 col-

192 1299 352 1361 loquia
378 1298 633 1361 principum
665 1298 922 1360 oppidanos
955 1298 1155 1344 tentabat
1181 1314 1260 1344 rex
1278 1335 1293 1356 ,
1324 1311 1374 1346 ut
1397 1313 1477 1346 ur-

192 1372 295 1419 bem
324 1372 563 1426 dederent;
599 1371 716 1418 haud
748 1370 937 1427 dubius,
967 1370 1099 1433 quin,
1128 1370 1160 1416 fi
1183 1371 1303 1433 prius
1332 1373 1478 1420 Hera·

194 1445 290 1492 elea
319 1458 446 1507 capta
485 1445 632 1504 foret,
663 1445 882 1491 Romanis
914 1444 957 1490 se
990 1445 1169 1507 potius,
1199 1462 1334 1508 quam
1364 1446 1476 1506 fibi,

193 1517 389 1564 dedituri
422 1518 588 1574 effcnt,
622 1517 831 1580 suamque
863 1518 1049 1579 gratiam
1082 1517 1237 1564 consul
1273 1519 1320 1564 in
1353 1519 1477 1566 obfi-

193 1591 332 1638 dione
361 1592 589 1637 liberanda
617 1591 806 1638 {affusus
835 1592 952 1638 effer.
986 1592 1084 1637 Nec
1111 1607 1210 1637 eum
1231 1592 1392 1654 opinio
1415 1593 1477 1639 est

194 1663 428 1710 frustrata:
463 1662 698 1711 confestim
720 1663 840 1709 enim
872 1664 926 1710 ab
946 1662 1162 1717 Heraclea
1192 1674 1319 1724 capta
1355 1680 1477 1710 nun-

188 1739 280 1786 zius
307 1739 457 1798 venit,
484 1751 534 1786 ut
556 1738 895 1802 oppugnatione
921 1737 1166 1784 absisteret:
1199 1741 1354 1798 aequius
1378 1736 1476 1801 effi,

195 1815 414 1859 Romanos
449 1816 628 1869 milites,
659 1816 729 1872 qui
764 1813 850 1857 acie
883 1810 1144 1874 dimicaffiznt
1168 1830 1257 1856 cum
1283 1814 1444 1857 AEtolis
1462 1845 1477 1866 ,

189 1889 363 1947 praemia
387 1888 563 1933 leoriae
595 1889 747 1932 habere.
787 1887 848 1931 Ita
881 1885 1094 1931 recessum
1123 1884 1178 1930 ab
1201 1884 1349 1930 Lamia
1381 1882 1442 1929 est
1461 1918 1476 1940 ‚

195 1960 246 2005 &
272 1958 538 2022 propinquae
569 1959 694 2006 clade
724 1959 841 2005 urbis
867 1959 973 2021 ipsi,
1009 1975 1066 2004 ne.
1092 1958 1200 2021 quid
1226 1957 1364 2004 simile
1395 1973 1477 2019 pa-

195 2040 394 2076 terentur
410 2066 422 2087 ,
447 2030 714 2093 effugerunt.

259 2105 435 2152 XXVI.
472 2106 653 2162 Paucis,
681 2104 931 2167 priusquam
961 2104 1177 2151 Heraclea
1210 2113 1474 2166 caperetur,

197 2176 379 2234 diebus,
408 2176 576 2232 AEtoli‚
612 2176 812 2222 concilio
837 2177 1063 2239 Hypatam
1091 2176 1279 2232 εοειᾶο,
1304 2175 1475 2236 legatos

196 2249 252 2307 ad
268 2248 545 2296 Antiochum
565 2247 775 2293 miserunt
794 2266 803 2293 :
827 2248 941 2293 inter
959 2265 1073 2310 quos
1091 2249 1139 2294 &
1157 2247 1312 2293 Thoas
1330 2245 1474 2303 idem,

198 2321 275 2382 qui
307 2332 435 2366 antea
455 2356 468 2378 ,
506 2319 655 2369 miffus
680 2319 754 2365 est.
788 2322 991 2366 mandata
1022 2333 1173 2374 erant,
1205 2329 1254 2364 ut
1285 2318 1340 2364 ab
1371 2333 1474 2380 rege

197 2403 423 2462 peterent,
460 2394 684 2456 primum,
715 2404 764 2438 ut
802 2391 926 2454 ipse,
964 2392 1129 2440 coactis
1158 2389 1304 2437 rursus
1337 2401 1475 2447 terre-2
