1618 2715
199 105 291 167 316
558 105 1111 155 T1T1L1V11

197 227 383 271 unquam
410 212 604 271 vifizrum.
653 212 770 274 lpse,
799 229 903 260 curn
936 215 1163 278 equitibus
1194 217 1380 265 duarum
1413 217 1488 266 Ῑέὲ

197 281 385 344 gionum
421 285 649 345 paululum
685 285 1041 345 circumveEtus,
1084 289 1132 338 in
1168 307 1360 337 cuneum
1392 292 1483 338 ho-

197 355 361 413 stium,
394 358 470 419 qui
502 358 692 405 mediam
733 362 916 423 urgebat
953 362 1125 421 aciem,
1158 363 1212 410 ab
1243 363 1378 411 latere
1408 365 1484 411 in-

199 427 354 474 currit.
399 429 639 487 Quinffius
672 448 775 478 cum
810 432 895 479 suis
930 433 1154 497 equitibus
1183 436 1372 483 alterum
1396 437 1485 484 ho-

196 497 328 543 stium
362 498 474 545 latus
510 502 712 548 invadit:
750 502 822 548 sed
853 504 989 567 longe
1017 505 1159 552 acrius
1190 508 1484 570 Calpurniani

198 570 372 632 equites
399 574 686 635 pugnabant,
706 578 756 623 ὃ(
783 588 953 638 praetor
979 579 1070 641 ipse
1096 592 1195 626 ante
1222 581 1348 628 alios.
1379 599 1484 629 nam

199 644 250 689 &
268 643 437 705 primus
462 646 634 693 hostem
660 650 870 710 percuffit
884 687 898 709 ,
916 652 966 698 δε
984 653 1042 699 ita
1062 652 1105 703 se
1125 653 1366 702 immiscuit
1386 672 1486 701 me-

198 715 310 774 diis,
340 729 391 763 ut
421 719 529 775 vix,
560 721 705 768 utrius
738 723 876 785 patris
910 724 1044 783 esset,
1075 725 1199 772 nosci
1235 726 1391 789 posset.
1432 728 1485 775 &

199 789 373 852 equites
394 793 602 853 praetoris
626 791 787 841 eximia
805 795 974 842 virtute
988 833 1002 856 ‚
1023 799 1073 845 &
1094 798 1294 861 equitum
1315 797 1486 861 pedites

197 867 370 913 accensi
391 867 507 916 sunt.
540 870 692 916 Pudor
711 872 864 918 movit
883 873 1053 935 primos
1071 874 1386 932 centuriones,
1404 873 1486 936 qui

195 941 314 988 inter
339 942 428 989 tela
458 943 653 989 hostium
679 956 920 1006 praetorem
952 946 1300 1010 conspexerunt.
1334 949 1489 1010 Itaque

196 1033 357 1079 urgere
391 1017 624 1081 signiferos
664 1033 749 1079 pro
790 1017 830 1064 se
861 1018 1051 1083 quisque
1078 1055 1093 1078 ,
1130 1018 1284 1082 jubere
1317 1019 1487 1067 inferre

196 1088 320 1152 signa
340 1125 355 1147 ,
385 1091 435 1137 δέ
467 1089 705 1137 confestim
737 1090 926 1138 militem
960 1091 1096 1155 sequi.
1136 1094 1400 1141 Renovatur
1427 1094 1486 1140 ab

196 1162 411 1210 omnibus
442 1164 629 1210 clamor.
659 1164 851 1227 impetus
875 1164 926 1211 fit
943 1166 1067 1212 velut
1083 1183 1140 1212 ex
1165 1166 1394 1229 superiore
1414 1167 1488 1214 lo-

196 1251 272 1280 co.
307 1235 438 1280 Haud
473 1235 597 1282 secus
626 1253 765 1299 ergo,
783 1254 918 1299 quam
947 1238 1162 1285 torrentis
1185 1241 1356 1298 modo,
1376 1239 1487 1304 ,fu-n·-

196 1309 311 1354 dunt
338 1309 632 1374 sternuntque
655 1310 913 1372 perculsos,
934 1327 1018 1358 nec
1036 1310 1243 1358 sustinere
1262 1312 1337 1360 alii
1356 1312 1486 1375 super

195 1384 309 1431 alios
344 1384 587 1431 inferentes
626 1384 714 1431 sese
750 1386 946 1448 possunt.
998 1385 1233 1449 Fugientes
1266 1386 1313 1433 in
1347 1387 1486 1434 castra

195 1457 370 1520 equites
395 1458 618 1520 persecuti
647 1458 778 1516 sunt,
805 1461 853 1506 &
885 1459 1096 1522 permixti
1122 1460 1262 1506 turbae
1287 1460 1484 1508 hostium

193 1530 313 1577 intra
337 1532 507 1578 vallum
533 1545 899 1595 penetraverunt.
928 1533 1007 1580 ubi
1037 1534 1092 1581 ab
1121 1534 1281 1581 relictis
1302 1534 1346 1580 in
1369 1552 1489 1597 prae-

193 1604 307 1650 sidio
348 1604 595 1651 castrorum
631 1605 845 1667 proelium
888 1605 1216 1653 instauratumt
1252 1606 1485 1669 coactique

195 1674 299 1721 sunt
316 1677 511 1722 Romani
534 1677 706 1741 equites
726 1677 992 1724 descendere
1011 1696 1066 1725 ex
1084 1680 1221 1742 equis.
1248 1679 1488 1727 Dimican-

195 1750 316 1797 tibus
347 1750 422 1808 iis,
448 1751 568 1814 legio
593 1751 749 1816 quinta
774 1751 1056 1813 supervenit:
1081 1752 1266 1809 deinde,
1289 1765 1340 1798 ut
1360 1769 1488 1815 quae-

194 1841 285 1886 que
313 1817 582 1886 potuerant,
611 1825 755 1888 copiae
777 1826 1031 1872 affluebant.
1064 1825 1311 1872 Caeduntur
1332 1823 1486 1886 passim

197 1896 382 1959 Hispani
418 1915 496 1960 per
530 1910 627 1945 tota
664 1898 837 1954 castr33
878 1915 961 1946 nec
994 1899 1093 1961 plus
1124 1915 1254 1962 quam
1287 1909 1486 1961 quatuor

193 1971 336 2018 millia
367 1972 601 2020 hominum
633 1973 897 2036 effugerunt.
942 1973 1046 2019 inde
1074 1973 1159 2019 tria
1189 1972 1328 2019 millia
1358 1971 1448 2018 fere
1468 2005 1487 2029 ‚

195 2044 273 2108 qui
306 2062 426 2091 arma
459 2046 757 2104 retinuerant,
788 2058 992 2093 montem
1020 2047 1327 2110 propinquum
1356 2062 1487 2107 cepe-

196 2128 328 2164 runt:
347 2117 468 2165 mille
488 2118 737 2165 semiermes
756 2119 951 2166 maxime
969 2137 1048 2182 per
1067 2135 1197 2183 agros
1219 2118 1353 2179 palati
1372 2117 1485 2163 sunt.

196 2189 340 2250 Supra
367 2189 549 2252 triginta
577 2191 781 2253 quinque
809 2191 950 2238 millia
979 2191 1173 2238 hostium
1201 2190 1406 2245 fuerant,
1429 2205 1487 2234 ex:

191 2261 357 2324 quibus
385 2273 474 2307 tam
505 2262 664 2325 exigua
695 2279 795 2325 pars
819 2280 982 2326 pugnae
1005 2263 1237 2326 superfuit.
1266 2261 1385 2323 signa
1413 2277 1486 2305 ca-

193 2348 269 2400 pta
299 2349 478 2384 centum
513 2336 693 2400 triginta
728 2337 826 2383 tria.
871 2338 1069 2384 Romani
1100 2336 1301 2399 sociique
1340 2334 1484 2397 paulo

195 2409 294 2473 plus
316 2409 540 2469 sexcenti,
561 2412 610 2458 δε
629 2411 984 2474 provincialium
1004 2409 1280 2456 auxiliorum
1302 2420 1482 2456 centum
