1618 2715
205 115 301 165 454
562 97 1137 155 *T1T1L1v11

202 209 270 257 lio
308 209 480 258 senatus
526 200 761 275 negotium
807 215 962 272 dedit,
1000 229 1053 263 ut
1085 216 1411 267 Patavinorum
1455 219 1505 268 in·

204 284 396 331 Venetia
430 285 697 333 seditionem
724 289 1079 352 comprimeret,
1110 311 1227 357 quos
1258 294 1504 343 certamine

203 354 454 403 faffionum
485 358 540 404 ad
570 358 827 407 intestinum
855 362 1022 409 bellum
1043 365 1283 423 «exarsisse,
1306 368 1355 414 &
1381 365 1505 430 ipso-

202 446 304 476 rum
335 430 466 492 legati
499 433 755 482 attulerant.
799 437 981 499 Legati,
1012 438 1091 501 qui
1123 439 1170 485 in
1199 441 1412 489 AEtoliam
1450 441 1506 489 ad

202 502 369 550 fimiles
388 517 540 552 motus
558 508 930 571 comprimendos
960 512 1127 572 ierant,
1151 515 1469 561 renuntiarunt
1483 550 1500 572 ,

200 577 407 624 coerceri
439 579 610 627 rabiem
640 584 786 646 gentis
814 600 910 630 non
944 586 1081 648 poffe.
1116 587 1341 634 Patavinis
1372 588 1502 635 saluti

201 650 289 698 fuit
312 653 538 702 adventus
559 656 758 704 consulis
778 677 788 704 :
811 675 957 723 neque
976 661 1123 720 aliud,
1142 662 1269 726 quod
1288 675 1435 726 ageret
1454 664 1503 709 in

200 727 472 788 provincia,
495 747 597 777 cum
621 731 839 780 habuisset
855 769 869 791 ,
891 734 1086 781 Romam
1110 734 1256 782 rediit.
1279 734 1505 783 Censores

200 800 300 848 vias
329 801 585 870 sternendas
620 805 739 854 filice
770 807 817 853 in
845 808 978 867 urbe,
1006 808 1155 873 glarea
1187 822 1317 859 extra
1342 809 1503 857 urbem

199 872 510 925 substruendas
543 881 944 944 marginandasque
978 882 1114 945 primi
1141 883 1350 930 omnium
1372 883 1503 930 loca-

201 961 394 1005 verunt,
425 952 677 1015 pontesque
706 954 858 1000 multis
891 953 1006 1001 locis
1039 954 1307 1002 faciendos:
1330 957 1381 1002 &
1408 954 1504 1003 sce-

199 1036 304 1066 nam
327 1021 534 1070 aedilibus
555 1024 916 1089 praetoribusque
934 1026 1222 1088 praebendam
1245 1045 1255 1073 :
1276 1028 1327 1073 &
1350 1043 1503 1073 carce-

199 1109 270 1139 res
292 1093 339 1138 in
372 1095 527 1153 circo,
550 1097 599 1143 &
625 1112 717 1143 ova
743 1098 797 1143 ad
825 1109 956 1144 notas
984 1097 1222 1145 curriculis
1250 1113 1501 1144 numeran-

199 1166 266 1213 dis
281 1203 294 1224 ,
310 1168 361 1214 &
374 1170 399 1192 ⁴*
413 1169 540 1227 dam,
562 1171 611 1217 &
633 1182 770 1217 metas
790 1183 911 1218 trans
928 1174 952 1195 ⁴*
975 1173 1025 1219 &
1043 1188 1201 1219 caveas
1220 1170 1382 1218 ferreas
1403 1173 1498 1234 pe*

198 1239 613 1291 intromitterentur
633 1247 665 1311 ᾖ
684 1244 840 1292 ferreis
872 1245 918 1290 in
946 1258 1104 1292 monte
1121 1245 1303 1292 Albano
1331 1244 1501 1293 consu-

198 1315 340 1373 libus,
361 1319 411 1364 ὃς
429 1317 602 1365 clivum
627 1317 939 1380 Capitolinum
967 1318 1087 1365 filice
1107 1318 1394 1365 sternendum
1415 1335 1501 1366 cu-

199 1405 448 1451 raverunt,
483 1394 533 1441 &
562 1393 792 1456 porticum
823 1394 878 1440 ab
908 1394 1002 1440 aede
1022 1392 1202 1440 Saturni
1229 1393 1276 1440 in
1307 1393 1502 1457 Capito-

198 1465 311 1514 lium
340 1468 397 1514 ad
426 1467 705 1527 senaculum,
740 1486 791 1516 ac
824 1467 955 1532 super
988 1468 1034 1514 id
1068 1468 1254 1516 curiam.
1284 1470 1340 1514 Et
1371 1479 1502 1514 extra

198 1554 380 1604 portam
413 1542 723 1606 Trigeminam
754 1542 1014 1605 emporium
1044 1541 1191 1605 lapide
1215 1541 1503 1600 straverunt,

201 1615 511 1679 stipitibusque
539 1615 769 1679 sepserunt
788 1636 798 1663 :
820 1618 869 1665 δε
899 1616 1128 1679 porticum
1149 1615 1377 1666 AEmiliam
1398 1614 1504 1663 refi-

199 1689 406 1737 ciendam
429 1702 643 1737 curarunt
663 1709 674 1736 :
696 1689 994 1753 gradibusque
1024 1690 1253 1737 ascensum
1273 1690 1327 1737 ab
1344 1688 1502 1738 Tiberi

199 1762 247 1808 in
271 1763 533 1825 emporium
556 1762 775 1810 fecerunt.
810 1764 860 1810 &
891 1773 1017 1809 extra
1038 1763 1224 1809 eandem
1250 1774 1431 1825 portam
1451 1762 1503 1812 in

201 1836 490 1884 Aventinum
520 1837 750 1900 porticum
776 1837 897 1884 silice
921 1838 1204 1895 straverunt,
1241 1838 1290 1884 &
1321 1853 1378 1884 eo
1414 1854 1502 1900 pu-

202 1909 329 1957 blico
369 1911 425 1957 ab
463 1911 556 1957 aede
575 1909 766 1956 Veneris
805 1909 1023 1956 fecerunt.
1061 1909 1198 1955 Iidem
1221 1908 1410 1955 Calatiae
1448 1909 1503 1956 &

200 1984 389 2031 Auximi
423 2001 578 2032 muros
609 1983 840 2032 faciendos
875 1984 1181 2031 locaverunt:
1215 1982 1502 2047 venditisque

199 2058 264 2105 ibi
286 2058 477 2121 publicis
501 2058 642 2117 locis,
663 2057 929 2122 pecuniam,
952 2075 1054 2121 quae
1077 2058 1251 2104 redacia
1281 2069 1375 2104 erat
1390 2093 1405 2115 ,
1433 2070 1501 2103 ta-

200 2131 353 2178 bernis
378 2131 563 2195 utrique
591 2131 697 2177 foro
717 2131 1047 2179 circumdandis
1072 2130 1429 2178 consumserunt.
1449 2131 1500 2177 &

200 2205 314 2251 alter
334 2222 388 2252 ex
411 2204 463 2253 iis
492 2205 681 2252 Fulvius
702 2205 887 2252 Flaccus
918 2204 1058 2269 (nam
1085 2204 1341 2251 Postumius
1363 2202 1500 2260 nihil,

201 2277 283 2324 nifi
318 2278 493 2326 senatus
523 2279 720 2325 Romani
752 2278 976 2341 populive
1003 2278 1116 2340 jussu
1134 2313 1148 2336 ,
1179 2277 1220 2325 se
1243 2278 1500 2323 locaturum

201 2350 409 2413 ipsorum
429 2352 621 2415 pecunia
641 2353 689 2416 ⁴⁶)
710 2352 840 2400 Jovis
861 2353 1002 2399 aedem
1020 2351 1216 2409 Pisauri,
1234 2352 1282 2398 ὅ(
1301 2348 1465 2396 Fundis
1483 2382 1500 2405 ‚

201 2425 250 2470 ὅ(
279 2424 518 2472 Pollentiae
549 2425 680 2472 etiam
709 2442 869 2489 aquam
899 2423 1232 2480 adducendam,
1253 2424 1303 2470 &
1330 2419 1496 2469 Pisauri
