1618 2715
262 132 1231 184 HisTORIAI-QUMLIB.XXX1X.
1309 148 1397 199 321

182 240 382 288 XXXV.
412 240 466 284 Et
485 237 617 300 legati
633 254 658 283 a
675 237 871 300 Philippi
889 237 1127 302 colloquio
1147 239 1208 285 ita
1228 240 1402 304 digreffi

119 317 221 365 funt
239 348 252 373 ‚
279 327 328 361 ut
350 330 442 376 prae
468 312 509 359 se
532 312 728 369 ferrent,
756 310 866 357 nihil
895 328 1053 358 eorum
1079 312 1158 358 fibi
1188 313 1364 375 placere
1386 333 1400 361 ε

119 392 173 437 δε
201 388 454 449 Philippus,
477 385 689 443 minime,
709 384 815 447 quin
839 385 1143 432 rebellandum
1164 386 1293 442 effer,
1320 390 1404 434 du-

121 463 223 510 bius
241 497 256 519 ,
287 459 393 523 quia
429 471 578 504 tamen
618 457 864 504 immaturae
903 456 957 502 ad
997 456 1042 503 id
1082 458 1201 505 vires
1239 471 1366 506 erant
1387 494 1404 519 ,

122 535 180 580 ad
210 549 382 579 moram
415 530 789 592 interponendam
826 529 1143 589 Demetrium,
1176 531 1401 579 minorem

123 607 290 664 filium,
308 606 483 651 mittere
503 604 712 661 Romam,
731 601 857 649 fimul
878 602 931 648 ad
951 605 1178 665 purganda
1199 604 1404 663 crimina,

124 679 253 727 simul
285 678 339 724 ad
367 676 690 739 deprecandam
717 676 827 722 iram
859 676 1059 734 senatus,
1092 676 1273 724 statuit:
1307 680 1409 726 satis

125 751 312 798 credens
327 785 341 808 ‚
368 748 510 811 ipsum
538 747 669 793 etiam
696 746 905 807 juvenem
922 784 934 805 ,
956 749 1079 811 quod
1098 749 1258 796 Romae
1278 751 1409 799 obses

128 824 351 887 specimen
388 821 522 886 regiae
556 822 721 868 indolis
753 820 958 880 dedisset,
987 822 1153 885 aliquid
1187 827 1410 874 momenti

128 898 360 944 facturum.
397 894 576 942 Interim
596 911 673 958 per
693 895 883 957 speciem
911 896 1066 942 auxilii
1095 897 1325 960 Byzantiis
1346 899 1411 946 fe*

129 970 257 1017 rendi
276 1005 290 1027 ‚
318 985 363 1023 re
395 968 486 1031 ipsa
519 967 574 1013 ad
604 980 820 1014 terrorem
850 967 1010 1030 regulis
1045 969 1276 1015 Thracum
1306 971 1412 1035 inji—

132 1043 341 1089 ciendum
359 1077 372 1098 ,
405 1039 660 1103 profectus,
686 1039 895 1102 perculsis
924 1039 976 1085 iis
1006 1057 1103 1086 uno
1131 1043 1331 1103 proelio,
1361 1047 1414 1094 δε

133 1117 368 1163 Amadoco
387 1115 498 1161 duce
519 1125 678 1176 capto,
700 1113 745 1158 in
768 1112 1082 1159 Macedoniam
1101 1115 1257 1174 rediit,
1279 1118 1415 1167 miffis

133 1191 190 1237 ad
219 1189 394 1236 accolas
420 1187 511 1234 [stri
534 1186 729 1233 fluminis
758 1186 968 1233 barbaros
985 1223 998 1245 ‚
1020 1199 1071 1232 ut
1100 1187 1147 1233 in
1166 1190 1331 1236 Italiam
1352 1191 1416 1237 ir-

135 1272 419 1324 rumperent,
453 1259 771 1306 sollicitandos.
823 1257 878 1305 Et
908 1259 954 1305 in
988 1260 1301 1323 Peloponneso
1334 1266 1414 1311 ad-

137 1346 302 1380 ventus
323 1333 636 1378 Romanorum
662 1332 935 1394 legatorum,
959 1334 1035 1395 qui
1062 1350 1117 1379 ex
1145 1337 1415 1387 Macedonia

137 1407 186 1453 in
205 1406 417 1468 Achaiam
442 1405 505 1451 ire
523 1404 619 1466 juffi
639 1416 763 1450 erant
779 1439 792 1461 ,
816 1404 1148 1466 exspectabatur
1166 1426 1176 1454 :
1206 1410 1417 1460 adversus

138 1493 256 1542 quos
274 1489 324 1524 ut
342 1488 585 1539 praeparata
604 1475 787 1523 consilia
808 1476 1043 1533 haberent,
1064 1480 1283 1541 Lycortas
1302 1500 1416 1545 pree-

140 1563 216 1597 tor
245 1549 489 1597 concilium
513 1549 688 1595 indixit.
720 1548 783 1594 lbi
804 1549 856 1594 de
879 1549 1228 1598 Lacedaemoniis
1253 1555 1416 1604 aetum.

140 1627 220 1670 Ex
252 1625 428 1689 lzost'ibus
447 1642 513 1670 eos
532 1624 784 1684 accusatores
804 1622 945 1680 faiflos
963 1639 978 1666 .·
1001 1621 1043 1668 ὃ·
1068 1627 1296 1683 periculum
1328 1628 1417 1692 effe,

141 1715 191 1742 ne
209 1695 306 1741 via-‘li
332 1699 467 1757 magis
492 1698 665 1741 timendi
681 1694 848 1752 forent,
869 1713 990 1755 quam
1013 1697 1208 1742 bellantes
1225 1699 1419 1764 ficiffim,

142 1774 286 1831 quippe
302 1771 346 1814 in
362 1773 465 1815 hello
472 1771 607 1830 sociis
623 1771 830 1814 Romanis
853 1770 1028 1815 Aclzaeos
1051 1772 1176 1831 usos:
1195 1792 1306 1819 nunc
1331 1777 1421 1836 eos-

144 1846 234 1888 dem
260 1844 477 1887 Romanos
503 1844 693 1901 aequiores
714 1844 1036 1886 Lacedaemoniis
1049 1878 1063 1899 ,
1083 1862 1205 1902 quam
1225 1848 1422 1904 Achaeis,

145 1913 219 1976 effi
238 1931 253 1958 .·
273 1915 342 1958 ubi
360 1918 495 1958 Areas
512 1915 633 1957 etiam
657 1910 699 1958 δ’
720 1914 979 1969 Alcibiades,
997 1917 1119 1960 ambo
1138 1918 1322 1976 exsules,
1331 1922 1420 1979 suo

146 1986 332 2042 beneficio
357 1986 519 2050 restituti
535 2018 548 2040 ‚
567 1985 812 2044 legationem
840 1987 1021 2030 Romam
1050 1990 1247 2049 adversus
1261 2008 1420 2053 gentem.

149 2059 393 2103 Achaeorum
424 2059 484 2101 ita
514 2060 562 2101 de
593 2057 693 2119 ipsis
718 2061 901 2103 meritam
921 2061 1217 2123 suscepiffent‚
1245 2068 1423 2125 adeoque

148 2130 293 2195 infista
322 2132 504 2175 oratione
533 2147 559 2174 u
575 2147 590 2172 ι
609 2127 748 2191 efferet,
770 2146 815 2175 ut
829 2135 973 2190 patria
984 2133 1101 2197 pulfi
1115 2167 1129 2190 ,
1147 2152 1231 2178 nort
1249 2137 1422 2201 restituti

149 2204 194 2249 in
216 2221 328 2258 eam,
351 2206 591 2249 viderentur.
631 2201 816 2248 Clamor
843 2203 1041 2267 undique
1064 2218 1212 2263 ortus,
1238 2205 1423 2254 referret

151 2276 417 2322 nominatim
444 2277 498 2323 de
527 2277 593 2322 iis⁶
628 2278 707 2333 &‚
735 2294 838 2324 cum
865 2277 1018 2323 omnia
1048 2279 1134 2336 ira,
1157 2296 1251 2326 non
1273 2280 1425 2327 confi-

152 2347 217 2393 lio
234 2383 248 2403 ‚
275 2360 558 2410 gererentur,
582 2348 737 2411 capitis
765 2349 956 2396 damnati
987 2349 1097 2397 sunt.
1137 2353 1306 2401 Paucos
1323 2353 1425 2416 post

219 2424 270 2469 Τ.
297 2425 387 2469 Liv.
419 2427 517 2471 Vol.
550 2425 632 2473 VI,
691 2438 694 2439 ’
1122 2425 1169 2478 X
