1618 2715
285 122 831 176 HISTORIARUM
869 125 993 174 LIB.
1029 125 1228 178 XXXV.
1352 142 1400 196 51

121 243 191 281 tae
230 236 278 282 &
314 234 448 280 iidem
487 233 712 296 porticum
739 245 864 281 extra
892 245 1071 298 portam
1101 235 1409 300 Trigeminam

119 304 238 353 inter
265 307 476 370 lignarios
506 306 724 353 fecerunt.

185 383 319 428 XLII.
339 379 524 426 Intentis
543 379 589 425 in
609 390 869 441 apparatum
891 378 1007 425 novi
1030 378 1135 426 belli
1160 381 1377 428 Romanis
1391 416 1408 439 ,

121 466 178 499 ‘ne
197 453 252 498 ab
277 452 511 499 Antiocho
542 453 722 516 quidem
746 452 1003 499 cessabatur.
1034 453 1145 498 Tres
1164 469 1268 498 eum
1291 453 1410 500 civi-

123 537 234 573 tates
267 527 506 583 tenebant,
540 529 760 589 Smyrna,
784 527 833 572 &
864 525 1131 572 Alexandria
1149 526 1323 584 Troas,
1360 528 1412 574 ἃ

122 598 417 660 Lampsac1153
441 614 547 660 quas
577 614 720 659 neque
739 597 787 642 vi
809 613 1064 660 expugnare
1084 598 1139 643 ad
1168 613 1263 643 eam
1291 598 1409 644 diem

121 683 300 734 poterat
315 708 327 727 ‚
355 686 499 732 neque
521 670 863 717 conditionibus
884 671 930 715 in
953 670 1197 718 amicitiam
1217 671 1409 734 perlice-

14 739 15 746 '
121 758 192 802 re,
215 761 358 808 neque
380 761 403 790 a
435 757 563 807 tergo
590 744 863 807 relinquere,
888 743 1113 804 trajiciens
1136 745 1225 808 ipse
1249 745 1292 790 in
1317 748 1412 791 [iu-¹v

120 835 276 880 ropam
295 855 308 876 ,
330 818 528 866 volebat.
559 817 728 865 Tenuit
748 835 849 865 eum
879 820 927 866 &
952 819 1005 864 de
1028 818 1278 866 Hannibale
1300 818 1410 865 deli-

119 891 308 939 berario.
336 894 391 937 Et
412 891 558 953 primo
587 907 725 937 naves
746 903 910 954 apertae
926 927 938 949 ,
959 909 1065 955 quas
1089 910 1191 940 cum
1219 909 1275 940 eo
1304 890 1408 938 mis*

119 965 245 1011 surus
275 964 321 1009 in
351 963 550 1009 Africam
585 962 728 1009 fuerat
744 998 757 1021 ,
776 975 963 1009 moratae
988 963 1086 1010 sunt
1106 982 1116 1010 :
1138 964 1296 1011 deinde
1313 1001 1327 1021 ‚
1350 981 1408 1011 an

121 1034 312 1081 omnino
340 1034 582 1080 mittendus
603 1034 706 1081 effet
724 1070 738 1092 ‚
759 1034 1032 1081 consultatio
1053 1049 1175 1082 mota
1205 1036 1291 1092 est,
1310 1055 1409 1083 ma·-

119 1108 239 1153 xime
263 1125 286 1154 a
320 1108 528 1153 Thoante
563 1109 744 1166 AEtolo,
775 1108 881 1171 qui,
909 1109 1120 1156 omnibus
1153 1110 1199 1155 in
1231 1110 1409 1156 Graecia

118 1180 316 1226 tumultu
338 1179 606 1242 completis,
637 1179 973 1227 Demetriadem
1001 1181 1212 1228 afferebat
1242 1182 1288 1228 in
1319 1198 1411 1243 po-

119 1251 272 1297 testate
300 1251 384 1297 effe
404 1270 413 1297 :
436 1253 514 1309 «Sc,
545 1251 707 1314 quibus
732 1252 975 1299 mendaciis
1010 1253 1063 1298 de
1092 1269 1215 1317 rege,
1246 1254 1409 1300 multi-⁴

119 1322 333 1385 plicando
354 1323 502 1369 verbis
531 1324 684 1385 copias
713 1323 808 1386 ejus
824 1359 836 1382 ‚
861 1337 1065 1370 erexerat
1092 1325 1337 1371 multorum
1358 1325 1407 1372 in

115 1395 298 1442 Graecia
340 1396 541 1453 animos,
584 1395 737 1443 iisdem
782 1399 831 1444 δέ
867 1399 979 1460 regis
1019 1398 1136 1459 spem
1179 1398 1361 1445 inflabat
1394 1415 1406 1447 ε

115 1471 302 1513 omniurn
332 1469 440 1513 votis
469 1486 556 1512 eum
583 1486 669 1529 arce
701 1488 729 1514 z.
770 1471 1009 1529 concursum
1039 1473 1099 1514 ad
1130 1473 1254 1516 litora
1274 1470 1408 1529 futu-

118 1558 207 1585 rum
227 1575 237 1596 ,
260 1543 368 1585 unde
394 1538 551 1602 cluffkm
569 1542 720 1600 regiam
732 1538 1049 1603 prospexiffint.
1078 1540 1163 1587 Hic
1184 1541 1299 1588 idem
1323 1560 1408 1588 au-

117 1611 186 1658 sus
209 1612 261 1657 de
294 1612 545 1658 Hannibale
567 1612 627 1657 est
654 1627 842 1658 movere
874 1612 1133 1659 sententiam
1155 1629 1297 1676 prope
1315 1613 1406 1675 jam

119 1680 285 1731 certam
308 1685 434 1747 regis.
475 1701 575 1730 nam
598 1705 721 1745 neque
741 1688 1028 1730 dimittendam
1051 1702 1211 1746 partem
1232 1690 1407 1732 navium

118 1777 147 1803 a
172 1756 291 1820 claffie
319 1761 430 1819 regia
453 1757 660 1803 censebat
680 1776 695 1803 :
716 1776 863 1818 neque,
878 1759 928 1822 Ji
949 1762 1154 1804 nzitcendae
1180 1778 1306 1805 naves
1324 1761 1408 1818 fo-

121 1847 232 1885 rent,
262 1834 402 1876 minus
428 1833 661 1891 quempiam
696 1835 731 1877 ci
766 1832 882 1895 claffi
895 1867 908 1888 ‚
933 1850 1056 1892 quam
1087 1834 1407 1891 Hannibalem,

115 1904 433 1964 praeficiendum.
466 1905 667 1965 Exsiclem
690 1908 806 1950 illum
827 1904 868 1950 δ’
899 1908 1072 1950 Poenum
1093 1903 1162 1969 effi
1177 1941 1188 1958 ‚
1209 1911 1276 1952 cui
1293 1904 1409 1953 mille·

121 1981 168 2023 in
200 1981 286 2023 dies
317 1996 427 2022 nova
462 1978 634 2042 confilia
668 1983 734 2025 vel
754 1979 934 2037 fortuna
953 1979 1068 2037 sica,
1101 1982 1167 2026 vel
1194 1982 1406 2042 ingenium

113 2048 240 2111 poffit
259 2048 410 2105 facere.
447 2053 508 2095 Ec
532 2051 665 2110 ipsam
696 2069 784 2095 eam
810 2053 987 2111 gloriam
1025 2052 1145 2108 belli,
1181 2070 1261 2111 qua
1295 2055 1407 2097 velut

122 2124 211 2165 dote
234 2122 461 2165 Hannibal
490 2124 759 2179 concilietur,
793 2124 967 2167 nimiam
1004 2121 1050 2166 in
1080 2122 1264 2182 praefeflo
1296 2126 1406 2184 regio

123 2192 208 2255 effi.
235 2195 385 2255 Regem
413 2196 624 2254 conspici,
651 2212 776 2257 regem
803 2214 932 2241 unum
962 2198 1130 2251 ducem,
1160 2214 1287 2240 unum
1322 2200 1407 2241 im·-

114 2285 337 2327 peratorem
364 2272 494 2314 videri
524 2272 669 2316 debere.
696 2273 746 2317 Si
765 2269 1006 2335 claffinz‚st
1030 2275 1248 2317 exercitum
1277 2276 1406 2319 arnit-

121 2356 184 2385 ται
205 2342 449 2401 Hannibal,
475 2346 582 2389 idem
602 2347 748 2391 damni
761 2345 858 2404 sore
871 2380 884 2402 ‚
907 2364 956 2391 ac
961 2346 1009 2410 st
1016 2365 1093 2406 per
1110 2349 1238 2391 alium
1262 2351 1400 2394 ducem

121 2418 380 2466 amittantur.
402 2418 452 2483 st
471 2421 574 2479 quid
579 2417 767 2480 prospere
792 2423 976 2480 evenias,
1010 2422 1272 2467 Hannibalis
1289 2441 1374 2469 eam
1383 2455 1404 2481 Δ,

1037 2493 1148 2540 Da
