1618 2715
177 129 242 176 70
532 109 1096 160 TITILIVH

177 218 271 265 &io
303 217 562 275 Coroneae,
597 231 784 281 propter
814 219 1131 265 Romanorum
1169 216 1361 265 militum
1382 231 1470 265 caeae'

179 291 257 337 des
276 325 291 347 ,
324 289 528 346 illatum3
557 307 602 335 re
624 307 731 337 vera
750 307 829 352 per
846 290 984 336 multa
1009 289 1096 351 jam
1120 289 1262 337 secula
1290 291 1469 353 publice

179 361 486 426 privatimque
523 364 698 411 labante
740 364 916 428 egregia
962 364 1195 427 quondam
1237 363 1471 426 disciplina

179 437 356 499 gentiS,
389 439 438 484 &
471 437 718 484 multorum
750 454 807 484 eo
834 437 970 495 statu,
1003 436 1080 501 qui
1115 436 1348 484 diuturnus
1384 437 1471 483 effe

181 509 276 556 sine
306 510 561 557 mutatione
594 528 742 557 rerum
775 528 872 557 non
903 511 1061 573 poffet.
1094 511 1290 558 Obviam
1326 510 1473 557 effusis

182 583 387 646 undique
402 583 596 630 Boeotiae
628 584 904 647 principibus
923 620 938 641 ,
961 583 1141 630 Thebas
1161 584 1299 631 venit.
1330 579 1391 630 ibi
1421 583 1470 629 in

183 656 391 704 concilio
425 657 595 720 gentis,
628 674 882 721 quanquam
916 657 967 703 &
986 657 1040 703 ad
1060 657 1247 703 Delium
1264 693 1278 713 ‚
1300 656 1474 717 impe-tu

185 728 234 776 in
271 729 522 791 praefidium
557 731 818 778 Romanum
857 729 1005 786 facto,
1039 730 1089 776 &
1122 729 1176 774 ad
1209 727 1474 774 Chalcidem

186 804 475 851 commiserat
503 821 587 852 nec
612 822 636 852 a
663 804 816 868 parvis
845 820 930 852 nec
951 802 1098 849 dubiis
1124 801 1356 865 principiis
1374 802 1474 847 bel-

186 876 319 934 lum,
360 888 509 923 tamen
544 878 732 924 eandem
773 877 1030 924 orationem
1062 874 1274 933 exorsuS‚
1310 892 1398 938 qua
1427 875 1476 921 in

190 948 432 1011 colloquio
463 949 611 1011 primo
639 949 695 995 ad
719 948 1012 1006 Chalcidem,
1035 963 1213 1011 quaque
1247 963 1326 1009 per
1357 946 1476 1009 lega-

189 1033 263 1067 tos
294 1022 340 1067 in
367 1022 571 1069 concilio
589 1023 863 1070 Achaeorum
885 1021 988 1068 usus
1015 1035 1138 1079 erat,
1164 1032 1213 1066 ut
1231 1019 1477 1066 amicitiam

189 1096 341 1143 secum
369 1097 538 1144 institui
559 1133 573 1156 ,
610 1114 706 1144 non
737 1097 905 1144 bellum
926 1096 1064 1143 indici
1084 1094 1303 1142 Romanis
1321 1093 1478 1156 postu-

190 1169 334 1226 laret,
372 1170 630 1228 neminem,
664 1170 774 1233 quid
807 1184 1040 1233 ageretur,
1077 1168 1269 1214 fallebat.
1321 1167 1479 1213 decre-

189 1255 289 1289 tum
322 1257 472 1289 tamen
499 1243 577 1289 sub
607 1243 700 1291 levi
735 1245 981 1292 verborum
1010 1255 1232 1304 praetextu
1261 1257 1344 1303 pro
1376 1255 1480 1302 rege

192 1317 409 1364 adversus
433 1319 670 1364 Romanos
700 1317 861 1363 factum
893 1315 970 1363 est.
1006 1318 1103 1362 Hac
1133 1331 1318 1378 quoque
1349 1307 1482 1376 gente

192 1391 425 1451 adjuncta,
464 1391 728 1439 Chalcidem
757 1390 1001 1454 regressus,
1037 1388 1267 1451 praemiffis
1298 1387 1400 1433 inde
1428 1386 1483 1433 li·

194 1465 327 1524 teris,
349 1478 399 1512 ut
420 1464 756 1512 Demetriadem
775 1462 1080 1510 convenirent
1105 1461 1329 1524 principes
1349 1461 1482 1506 AEto-

193 1540 376 1598 lorum,
399 1558 501 1587 cum
528 1540 691 1602 quibus
727 1538 782 1584 de
811 1537 979 1584 summa
1009 1553 1156 1583 rerum
1187 1536 1485 1591 deliberaret,

194 1613 391 1660 navibus
427 1629 484 1659 eo
519 1612 575 1658 ad
607 1611 726 1658 diem
761 1611 972 1657 indictam
1005 1609 1208 1657 concilio
1246 1608 1386 1654 venit.
1425 1609 1485 1653 Et

196 1687 492 1751 Amynander
519 1685 692 1732 accitus
720 1685 774 1731 ad
809 1683 1152 1732 consultandum
1184 1699 1241 1728 ex
1263 1682 1485 1728 Athama-

196 1759 295 1805 nia:
330 1760 379 1804 &
414 1756 637 1803 Hannibal
666 1758 862 1814 Poenus,
895 1755 983 1816 jam
1007 1755 1084 1801 diu
1108 1769 1204 1799 ,non
1230 1751 1486 1810 adhibitus,

196 1830 404 1877 interfuit
423 1830 463 1876 ei
490 1828 707 1877 concilio.
744 1828 1060 1875 Consultatum
1096 1828 1150 1872 de
1171 1825 1486 1872 Theflalorum

198 1920 332 1969 gente
370 1905 467 1964 est,
506 1922 700 1969 quorum
738 1904 982 1960 omnibus,
1022 1902 1101 1965 qui
1140 1901 1356 1955 aderant,
1392 1915 1486 1944 vo-

198 1980 347 2025 luntas
382 1978 596 2025 tentanda
637 1977 887 2025 videbatur.
940 1976 987 2022 in
1025 1992 1082 2021 eo
1116 1973 1258 2020 modo
1301 1971 1488 2018 diversae

198 2051 432 2099 sententiae
468 2063 629 2109 erant,
668 2050 793 2114 quod
836 2049 911 2096 alii
954 2046 1184 2109 extemplo
1229 2044 1489 2107 agendum,

199 2124 278 2171 alii
313 2142 369 2172 ex
403 2125 581 2183 hieme,
617 2141 717 2187 quae
752 2136 846 2170 tum
883 2123 1021 2169 ferme
1061 2120 1206 2168 media
1239 2131 1362 2174 erat,
1398 2115 1488 2162 dif-

202 2197 438 2244 ferendum
467 2199 511 2244 in
541 2197 661 2245 veris
685 2195 954 2260 principium
972 2232 985 2253 ,
1019 2197 1067 2242 ὃς
1096 2193 1168 2240 alii
1192 2192 1363 2255 lega?os
1383 2202 1488 2234 tan-

201 2273 444 2319 tummodo
489 2270 771 2327 mittendos,
821 2269 896 2315 alii
936 2286 1038 2315 cum
1085 2265 1296 2312 omnibus
1341 2261 1487 2322 copiis

201 2347 402 2394 eundum
425 2344 661 2394 censebant
678 2378 697 2404 ,
715 2343 1033 2407 terrendosque
1066 2352 1186 2389 metu
1202 2373 1218 2398 a
1247 2337 1278 2384 st
1297 2336 1482 2389 cunila-2

204 2430 375 2465 rentur.
