1618 2715
167 126 254 157 102
526 108 1085 154 T1T1L1V11

160 213 413 263 concilium
438 214 713 261 Achaeorum
741 214 972 274 extemplo
993 212 1072 258 fibi
1101 211 1296 274 praebere
1314 209 1450 272 justit.

161 289 227 335 lbi
240 324 254 345 ,
273 288 326 335 de
342 287 586 350 Zacyntho
610 287 855 348 intercepta
874 302 951 348 per
969 285 1167 333 fraudem
1187 284 1323 332 insula
1342 301 1450 348 que·

162 361 280 418 stus,
305 360 577 423 postulavit,
597 372 647 406 ut
676 358 980 406 restitueretur
998 359 1229 409 Romanis.
1254 355 1451 419 Philippi

163 435 473 483 Macedonum
504 435 618 499 regis
652 435 916 498 Zacynthus
949 433 1122 480 fuerat:
1151 450 1247 480 eam
1276 447 1451 478 merce-

165 509 266 555 dem
290 507 591 571 Amynandro
619 506 829 563 dederat,
860 519 906 553 ut
933 522 1011 568 per
1034 504 1342 551 Athamaniam
1369 503 1452 549 du-

166 598 269 632 cere
294 580 542 630 exercitum
566 579 613 630 in
641 579 919 641 superiorem
947 591 1117 641 partem
1138 577 1321 625 AEtoliae
1342 577 1452 623 lice-

167 667 250 702 ret.
293 670 382 717 qua
410 648 702 714 expeditione
730 649 877 697 fractis
910 647 1096 706 animiS‚
1123 648 1299 695 AEtolos
1327 665 1455 695 com-

168 727 286 791 pulit
318 726 372 773 ad
401 723 637 788 petendam
671 738 839 784 pacem.
876 719 1170 783 Amynander
1197 718 1455 781 Philippum

172 799 615 865 Megalopolitanum
643 795 794 843 insulae
814 791 1045 856 praefecit:
1075 790 1226 854 postea
1255 808 1332 853 per
1360 792 1456 839 bel-

170 874 294 932 lum,
312 890 405 937 quo
428 872 470 919 se
503 869 734 919 Antiocho
767 864 976 913 adversus
997 866 1231 911 Romanos
1257 862 1457 924 conjun-

172 947 264 1005 xit,
288 947 499 1010 Philippo
529 944 586 991 ad
610 941 765 989 munia
793 938 900 988 belli
926 949 1146 986 revocato
1161 974 1177 994 ,
1201 936 1457 985 Hieroclem

172 1020 520 1084 Agrigentinum
541 1014 833 1065 successorem
859 1011 989 1059 misit.

238 1096 430 1142 XXXII.
452 1096 507 1149 Is,
524 1090 624 1155 post
644 1089 795 1153 fugam
811 1087 867 1134 ab
883 1084 1212 1150 Thermopylis
1229 1085 1460 1145 Antiochi,

176 1169 616 1232 Amynandrumque
649 1183 672 1212 a
715 1162 926 1225 Philippo
958 1161 1223 1207 Athamania
1256 1160 1462 1223 pulsum,

174 1243 313 1292 miffis
343 1243 465 1290 ultro
491 1241 545 1289 ad
578 1241 874 1303 Diophanem
911 1249 1149 1299 praetorem
1187 1236 1464 1283 Achaeorum

176 1316 378 1376 nuntiis,
398 1314 634 1378 pecuniam
657 1313 808 1375 pactus
822 1347 835 1367 ‚
855 1308 1043 1355 insulam
1063 1308 1242 1355 Achaeis
1270 1307 1464 1356 tradidit.

176 1389 225 1433 ld
254 1387 489 1450 praemium
509 1385 613 1432 belli
636 1384 758 1430 suum
777 1382 861 1429 effe
875 1417 887 1438 ,
908 1397 1087 1443 aequum
1108 1378 1346 1427 censebant
1362 1382 1464 1427 Ro-

177 1461 314 1508 mani.
334 1481 419 1508 non
440 1463 546 1507 enim
566 1458 648 1504 M.
667 1459 859 1503 Acilium
879 1454 1086 1513 consulem
1105 1454 1353 1514 legionesque
1371 1456 1466 1499 Ro-

178 1552 331 1580 manas
349 1535 581 1593 Diophani
604 1528 646 1576 δ’
664 1531 832 1575 Achaeis
860 1529 920 1572 ad
937 1527 1235 1585 Thermopylas
1248 1523 1467 1587 pugnaffi.

178 1604 451 1666 Diophanes
469 1600 677 1648 adversus
696 1599 791 1646 haec
809 1613 993 1661 purgare
1014 1595 1238 1642 interdum
1259 1594 1344 1641 sese
1361 1611 1468 1657 gen-

178 1689 389 1740 temque;
419 1674 643 1722 interdum
673 1673 727 1719 de
756 1671 851 1733 jure
884 1669 987 1722 facti
1015 1668 1232 1715 differere.
1267 1666 1467 1728 Quidam

179 1750 453 1798 Achaeorum
473 1749 522 1794 ὅ(
540 1746 672 1792 initio
693 1763 788 1792 eam
808 1744 849 1790 se
866 1761 958 1791 ltem
976 1742 1229 1805 aspernatos
1248 1740 1468 1787 testaban-

179 1835 277 1880 tur,
310 1824 360 1869 &
395 1835 504 1868 tunc
535 1819 825 1883 pertinaciam
861 1816 1189 1879 increpitabant
1222 1814 1427 1877 praetoris
1455 1830 1469 1860 :

184 1895 526 1960 auctoribusque
545 1895 598 1942 iis
613 1895 841 1941 decretum
861 1892 922 1939 est
934 1928 946 1950 ,
960 1904 1010 1938 ut
1025 1891 1081 1938 T.
1098 1889 1318 1951 Quinctio
1332 1905 1383 1935 ea
1401 1904 1471 1935 res

183 1969 527 2034 permitteretur.
560 1971 666 2015 Erat
693 1966 960 2027 Quinctius,
993 1965 1106 2011 ficut
1132 1962 1471 2011 adversantibus

185 2043 333 2106 asper,
355 2043 411 2088 ita
426 2078 438 2100 ,
462 2042 492 2088 fi
511 2041 688 2088 cederes
704 2076 719 2097 ,
741 2039 858 2086 idem
879 2036 1122 2102 placabilis.
1145 2035 1316 2083 Oiniffa
1337 2035 1473 2099 igitur

187 2115 485 2165 contentione
504 2112 634 2162 vocis
656 2111 917 2175 vultusque,
933 2114 1137 2158 Similem
1150 2145 1164 2167 ‚
1185 2108 1355 2172 inquit,
1367 2109 1475 2169 pos-

188 2190 396 2254 fi’ffionem
415 2188 506 2246 ejus
526 2190 672 2247 insulae
689 2187 881 2247 censerem
896 2187 1065 2231 Achaeis
1084 2180 1176 2247 effi,
1204 2182 1344 2229 auc‘t'or
1357 2180 1475 2244 effinz

182 2266 351 2326 senatui
363 2265 597 2324 populoque
618 2264 812 2306 Romano
828 2293 841 2317 ,
863 2275 909 2305 ut
928 2277 1015 2304 eam
1034 2274 1108 2304 vos
1134 2257 1272 2301 habere
1279 2253 1477 2317 sinerent.

191 2355 360 2383 ceterum
379 2336 492 2400 ficut
516 2337 778 2403 testudinem,
804 2335 878 2379 ubi
904 2332 1064 2379 collec‘la
1083 2333 1127 2376 in
1143 2330 1273 2390 ficum
1292 2344 1477 2389 tegumen

191 2409 243 2475 est
252 2442 265 2465 5
280 2424 412 2457 tutam
427 2412 487 2456 ad
495 2425 635 2457 omncs
650 2407 751 2456 ic‘z‘m
764 2409 880 2456 video
894 2404 967 2472 qffc
975 2424 995 2464 a‘
1009 2407 1078 2452 ubi
1089 2402 1237 2466 exserit
1238 2417 1381 2464 partes
1394 2402 1476 2447 ali·
