<?xml version="1.0" encoding="UTF-8"?>
<!DOCTYPE html PUBLIC "-//W3C//DTD XHTML 1.0 Transitional//EN"
    "http://www.w3.org/TR/xhtml1/DTD/xhtml1-transitional.dtd">
<html xmlns="http://www.w3.org/1999/xhtml" xml:lang="en" lang="en">
 <head>
  <title>
</title>
<meta http-equiv="Content-Type" content="text/html;charset=utf-8" />
  <meta name='ocr-system' content='tesseract 3.04.00' />
  <meta name='ocr-capabilities' content='ocr_page ocr_carea ocr_par ocr_line ocrx_word'/>
</head>
<body>
  <div class='ocr_page' id='page_1' title='image "./historiarumlibri06livyuoft_0224.png"; bbox 0 0 1618 2715; ppageno 0'>
   <div class='ocr_carea' id='block_1_1' title="bbox 169 83 1088 150">
    <p class='ocr_par' dir='ltr' id='par_1_1' title="bbox 169 83 1088 150">
     <span class='ocr_line' id='line_1_1' title="bbox 169 83 1088 150; baseline 0.005 -20"><span class='ocrx_word' id='word_1_1' title='bbox 169 84 260 130; x_wconf 81' lang='lat'>216</span> <span class='ocrx_word' id='word_1_2' title='bbox 416 147 421 150; x_wconf 17' lang='grc' dir='ltr'>η</span> <span class='ocrx_word' id='word_1_3' title='bbox 534 83 1088 135; x_wconf 71' lang='grc' dir='ltr'>Τιτιιῐνῐῐ</span> 
     </span>
    </p>
   </div>
   <div class='ocr_carea' id='block_1_2' title="bbox 160 195 1461 2448">
    <p class='ocr_par' dir='ltr' id='par_1_2' title="bbox 160 195 1461 2448">
     <span class='ocr_line' id='line_1_2' title="bbox 167 195 1455 261; baseline 0.007 -23"><span class='ocrx_word' id='word_1_4' title='bbox 167 204 261 239; x_wconf 80' lang='lat' dir='ltr'>turn</span> <span class='ocrx_word' id='word_1_5' title='bbox 282 207 425 245; x_wconf 83' lang='lat' dir='ltr'>rerum</span> <span class='ocrx_word' id='word_1_6' title='bbox 446 196 651 242; x_wconf 76' lang='lat' dir='ltr'>omnium</span> <span class='ocrx_word' id='word_1_7' title='bbox 673 195 830 258; x_wconf 85' lang='lat' dir='ltr'>copia,</span> <span class='ocrx_word' id='word_1_8' title='bbox 848 197 1068 260; x_wconf 85' lang='lat' dir='ltr'>oppidum</span> <span class='ocrx_word' id='word_1_9' title='bbox 1083 197 1376 261; x_wconf 83' lang='lat' dir='ltr'>diripuerunt.</span> <span class='ocrx_word' id='word_1_10' title='bbox 1395 200 1455 248; x_wconf 73' lang='lat' dir='ltr'>in=</span> 
     </span>
     <span class='ocr_line' id='line_1_3' title="bbox 168 266 1452 332; baseline 0.008 -22"><span class='ocrx_word' id='word_1_11' title='bbox 168 266 225 311; x_wconf 87' lang='lat' dir='ltr'>de</span> <span class='ocrx_word' id='word_1_12' title='bbox 248 266 299 311; x_wconf 89' lang='lat' dir='ltr'>ab</span> <span class='ocrx_word' id='word_1_13' title='bbox 320 267 446 330; x_wconf 80' lang='lat' dir='ltr'>Lylis</span> <span class='ocrx_word' id='word_1_14' title='bbox 468 268 666 316; x_wconf 84' lang='lat' dir='ltr'>fluminis</span> <span class='ocrx_word' id='word_1_15' title='bbox 695 268 823 316; x_wconf 89' lang='lat' dir='ltr'>fonte</span> <span class='ocrx_word' id='word_1_16' title='bbox 844 306 857 326; x_wconf 88' lang='lat'>,</span> <span class='ocrx_word' id='word_1_17' title='bbox 884 271 1065 332; x_wconf 83' lang='lat' dir='ltr'>postero</span> <span class='ocrx_word' id='word_1_18' title='bbox 1097 271 1167 317; x_wconf 90' lang='lat' dir='ltr'>die</span> <span class='ocrx_word' id='word_1_19' title='bbox 1203 273 1257 318; x_wconf 85' lang='lat' dir='ltr'>ad</span> <span class='ocrx_word' id='word_1_20' title='bbox 1289 274 1452 320; x_wconf 83' lang='lat' dir='ltr'>Cobu-</span> 
     </span>
     <span class='ocr_line' id='line_1_4' title="bbox 169 337 1454 409; baseline 0.008 -26"><span class='ocrx_word' id='word_1_21' title='bbox 169 337 309 384; x_wconf 84' lang='lat' dir='ltr'>latum</span> <span class='ocrx_word' id='word_1_22' title='bbox 339 356 513 386; x_wconf 85' lang='lat' dir='ltr'>amnem</span> <span class='ocrx_word' id='word_1_23' title='bbox 543 342 775 404; x_wconf 80' lang='lat' dir='ltr'>progreffi.</span> <span class='ocrx_word' id='word_1_24' title='bbox 809 343 1131 390; x_wconf 66' lang='lat' dir='ltr'><strong>Termessenses</strong></span> <span class='ocrx_word' id='word_1_25' title='bbox 1158 362 1214 391; x_wconf 91' lang='lat' dir='ltr'>eo</span> <span class='ocrx_word' id='word_1_26' title='bbox 1249 358 1454 409; x_wconf 85' lang='lat' dir='ltr'>tempore</span> 
     </span>
     <span class='ocr_line' id='line_1_5' title="bbox 168 411 1457 483; baseline 0.008 -26"><span class='ocrx_word' id='word_1_27' title='bbox 168 411 493 459; x_wconf 72' lang='lat' dir='ltr'>Isiondensium</span> <span class='ocrx_word' id='word_1_28' title='bbox 513 433 660 462; x_wconf 85' lang='lat' dir='ltr'>arcem</span> <span class='ocrx_word' id='word_1_29' title='bbox 677 451 691 474; x_wconf 85' lang='lat'>‚</span> <span class='ocrx_word' id='word_1_30' title='bbox 712 417 821 463; x_wconf 79' lang='lat' dir='ltr'>urbe</span> <span class='ocrx_word' id='word_1_31' title='bbox 846 432 971 480; x_wconf 78' lang='lat' dir='ltr'>capta</span> <span class='ocrx_word' id='word_1_32' title='bbox 986 455 998 472; x_wconf 92' lang='lat'><em>‚</em></span> <span class='ocrx_word' id='word_1_33' title='bbox 1017 419 1340 483; x_wconf 75' lang='lat' dir='ltr'>oppugnabant</span> <span class='ocrx_word' id='word_1_34' title='bbox 1356 438 1366 466; x_wconf 86' lang='lat'><strong>:</strong></span> <span class='ocrx_word' id='word_1_35' title='bbox 1383 420 1457 466; x_wconf 83' lang='lat' dir='ltr'>in-</span> 
     </span>
     <span class='ocr_line' id='line_1_6' title="bbox 170 483 1455 555; baseline 0.007 -26"><span class='ocrx_word' id='word_1_36' title='bbox 170 483 305 539; x_wconf 66' lang='lat' dir='ltr'>clusi,</span> <span class='ocrx_word' id='word_1_37' title='bbox 343 502 445 531; x_wconf 84' lang='lat' dir='ltr'>cum</span> <span class='ocrx_word' id='word_1_38' title='bbox 481 487 566 532; x_wconf 84' lang='lat' dir='ltr'>alia</span> <span class='ocrx_word' id='word_1_39' title='bbox 592 487 686 549; x_wconf 86' lang='lat' dir='ltr'>spes</span> <span class='ocrx_word' id='word_1_40' title='bbox 708 488 861 534; x_wconf 60' lang='lat' dir='ltr'>auxilii</span> <span class='ocrx_word' id='word_1_41' title='bbox 881 490 1002 534; x_wconf 86' lang='lat' dir='ltr'>nulla</span> <span class='ocrx_word' id='word_1_42' title='bbox 1031 490 1166 547; x_wconf 83' lang='lat' dir='ltr'>effet,</span> <span class='ocrx_word' id='word_1_43' title='bbox 1194 491 1366 555; x_wconf 84' lang='lat' dir='ltr'>legatos</span> <span class='ocrx_word' id='word_1_44' title='bbox 1398 493 1455 538; x_wconf 88' lang='lat' dir='ltr'>ad</span> 
     </span>
     <span class='ocr_line' id='line_1_7' title="bbox 171 556 1456 624; baseline 0.007 -25"><span class='ocrx_word' id='word_1_45' title='bbox 171 556 401 602; x_wconf 71' lang='lat' dir='ltr'>consulem</span> <span class='ocrx_word' id='word_1_46' title='bbox 422 594 437 615; x_wconf 82' lang='lat'>,</span> <span class='ocrx_word' id='word_1_47' title='bbox 466 572 644 605; x_wconf 81' lang='lat' dir='ltr'>orantes</span> <span class='ocrx_word' id='word_1_48' title='bbox 682 577 845 622; x_wconf 72' lang='lat' dir='ltr'>opem,</span> <span class='ocrx_word' id='word_1_49' title='bbox 876 560 1102 607; x_wconf 83' lang='lat' dir='ltr'>miserunt.</span> <span class='ocrx_word' id='word_1_50' title='bbox 1134 581 1224 607; x_wconf 84' lang='lat' dir='ltr'>cum</span> <span class='ocrx_word' id='word_1_51' title='bbox 1257 563 1456 624; x_wconf 74' lang='lat' dir='ltr'>conjugi-</span> 
     </span>
     <span class='ocr_line' id='line_1_8' title="bbox 170 630 1458 694; baseline 0.005 -22"><span class='ocrx_word' id='word_1_52' title='bbox 170 630 248 673; x_wconf 77' lang='lat' dir='ltr'>bus</span> <span class='ocrx_word' id='word_1_53' title='bbox 278 648 327 674; x_wconf 83' lang='lat' dir='ltr'>ac</span> <span class='ocrx_word' id='word_1_54' title='bbox 346 633 485 676; x_wconf 72' lang='lat' dir='ltr'>liberis</span> <span class='ocrx_word' id='word_1_55' title='bbox 511 635 557 677; x_wconf 81' lang='lat' dir='ltr'>in</span> <span class='ocrx_word' id='word_1_56' title='bbox 578 652 666 678; x_wconf 74' lang='lat' dir='ltr'>arce</span> <span class='ocrx_word' id='word_1_57' title='bbox 695 634 876 694; x_wconf 64' lang='lat' dir='ltr'>inclusos</span> <span class='ocrx_word' id='word_1_58' title='bbox 893 634 942 693; x_wconf 75' lang='lat' dir='ltr'><em>fi</em></span> <span class='ocrx_word' id='word_1_59' title='bbox 971 650 1139 680; x_wconf 78' lang='lat' dir='ltr'>mortem</span> <span class='ocrx_word' id='word_1_60' title='bbox 1164 637 1210 679; x_wconf 75' lang='lat' dir='ltr'>in</span> <span class='ocrx_word' id='word_1_61' title='bbox 1239 639 1354 694; x_wconf 81' lang='lat' dir='ltr'>dies,</span> <span class='ocrx_word' id='word_1_62' title='bbox 1380 649 1458 680; x_wconf 70' lang='lat' dir='ltr'>aut</span> 
     </span>
     <span class='ocr_line' id='line_1_9' title="bbox 160 701 1453 768; baseline 0.006 -21"><span class='ocrx_word' id='word_1_63' title='bbox 160 701 277 761; x_wconf 73' lang='lat' dir='ltr'>ferro</span> <span class='ocrx_word' id='word_1_64' title='bbox 301 719 374 747; x_wconf 76' lang='lat' dir='ltr'>aut</span> <span class='ocrx_word' id='word_1_65' title='bbox 389 704 510 761; x_wconf 84' lang='lat' dir='ltr'>fame</span> <span class='ocrx_word' id='word_1_66' title='bbox 527 710 773 765; x_wconf 73' lang='lat' dir='ltr'>patiendam</span> <span class='ocrx_word' id='word_1_67' title='bbox 792 742 805 764; x_wconf 87' lang='lat'>,</span> <span class='ocrx_word' id='word_1_68' title='bbox 836 708 1075 768; x_wconf 62' lang='lat' dir='ltr'>exspehlare.</span> <span class='ocrx_word' id='word_1_69' title='bbox 1116 707 1303 754; x_wconf 80' lang='lat' dir='ltr'>Volenti</span> <span class='ocrx_word' id='word_1_70' title='bbox 1336 725 1453 755; x_wconf 83' lang='lat' dir='ltr'>con-</span> 
     </span>
     <span class='ocr_line' id='line_1_10' title="bbox 170 775 1456 844; baseline 0.006 -24"><span class='ocrx_word' id='word_1_71' title='bbox 170 775 254 821; x_wconf 79' lang='lat' dir='ltr'>suli</span> <span class='ocrx_word' id='word_1_72' title='bbox 290 776 412 822; x_wconf 87' lang='lat' dir='ltr'>causa</span> <span class='ocrx_word' id='word_1_73' title='bbox 435 777 480 822; x_wconf 88' lang='lat' dir='ltr'>in</span> <span class='ocrx_word' id='word_1_74' title='bbox 499 780 814 844; x_wconf 74' lang='lat' dir='ltr'>Pamphyliam</span> <span class='ocrx_word' id='word_1_75' title='bbox 833 781 1087 829; x_wconf 81' lang='lat' dir='ltr'>divertendi</span> <span class='ocrx_word' id='word_1_76' title='bbox 1106 781 1253 828; x_wconf 85' lang='lat' dir='ltr'>oblata</span> <span class='ocrx_word' id='word_1_77' title='bbox 1272 780 1347 830; x_wconf 88' lang='lat' dir='ltr'>est.</span> <span class='ocrx_word' id='word_1_78' title='bbox 1377 782 1456 828; x_wconf 86' lang='lat' dir='ltr'>ad-</span> 
     </span>
     <span class='ocr_line' id='line_1_11' title="bbox 171 847 1458 915; baseline 0.004 -20"><span class='ocrx_word' id='word_1_79' title='bbox 171 847 363 895; x_wconf 85' lang='lat' dir='ltr'>veniens</span> <span class='ocrx_word' id='word_1_80' title='bbox 381 849 614 897; x_wconf 76' lang='lat' dir='ltr'>obsidione</span> <span class='ocrx_word' id='word_1_81' title='bbox 637 851 905 899; x_wconf 84' lang='lat' dir='ltr'>lfiondenses</span> <span class='ocrx_word' id='word_1_82' title='bbox 923 853 1103 899; x_wconf 79' lang='lat' dir='ltr'><strong>exemit.</strong></span> <span class='ocrx_word' id='word_1_83' title='bbox 1126 853 1357 900; x_wconf 66' lang='lat' dir='ltr'>Termesso</span> <span class='ocrx_word' id='word_1_84' title='bbox 1378 870 1458 915; x_wconf 83' lang='lat' dir='ltr'>pa-</span> 
     </span>
     <span class='ocr_line' id='line_1_12' title="bbox 173 923 1455 990; baseline 0.003 -20"><span class='ocrx_word' id='word_1_85' title='bbox 173 940 272 970; x_wconf 86' lang='lat' dir='ltr'>cem</span> <span class='ocrx_word' id='word_1_86' title='bbox 309 923 452 982; x_wconf 77' lang='lat' dir='ltr'>dedit,</span> <span class='ocrx_word' id='word_1_87' title='bbox 477 923 798 988; x_wconf 77' lang='lat' dir='ltr'>quinquaginta</span> <span class='ocrx_word' id='word_1_88' title='bbox 830 927 1006 974; x_wconf 88' lang='lat' dir='ltr'>talentis</span> <span class='ocrx_word' id='word_1_89' title='bbox 1033 927 1201 990; x_wconf 82' lang='lat' dir='ltr'>argenti</span> <span class='ocrx_word' id='word_1_90' title='bbox 1233 927 1455 989; x_wconf 84' lang='lat' dir='ltr'>acceptis:</span> 
     </span>
     <span class='ocr_line' id='line_1_13' title="bbox 171 994 1456 1064; baseline 0.004 -22"><span class='ocrx_word' id='word_1_91' title='bbox 171 994 281 1042; x_wconf 85' lang='lat' dir='ltr'>item</span> <span class='ocrx_word' id='word_1_92' title='bbox 307 996 538 1059; x_wconf 73' lang='lat' dir='ltr'>Aspendiis</span> <span class='ocrx_word' id='word_1_93' title='bbox 570 999 814 1063; x_wconf 79' lang='lat' dir='ltr'>ceterisque</span> <span class='ocrx_word' id='word_1_94' title='bbox 844 1001 1124 1064; x_wconf 78' lang='lat' dir='ltr'>Pamphyliae</span> <span class='ocrx_word' id='word_1_95' title='bbox 1157 1000 1352 1063; x_wconf 87' lang='lat' dir='ltr'>populis.</span> <span class='ocrx_word' id='word_1_96' title='bbox 1385 1003 1456 1047; x_wconf 81' lang='lat' dir='ltr'>Ex</span> 
     </span>
     <span class='ocr_line' id='line_1_14' title="bbox 172 1068 1457 1136; baseline 0.004 -23"><span class='ocrx_word' id='word_1_97' title='bbox 172 1068 443 1132; x_wconf 85' lang='lat' dir='ltr'>Pamphylia</span> <span class='ocrx_word' id='word_1_98' title='bbox 471 1070 644 1117; x_wconf 82' lang='lat' dir='ltr'>rediens</span> <span class='ocrx_word' id='word_1_99' title='bbox 667 1072 721 1118; x_wconf 88' lang='lat' dir='ltr'>ad</span> <span class='ocrx_word' id='word_1_100' title='bbox 739 1072 927 1119; x_wconf 85' lang='lat' dir='ltr'>fluvium</span> <span class='ocrx_word' id='word_1_101' title='bbox 950 1074 1150 1120; x_wconf 78' lang='lat' dir='ltr'>Taurum</span> <span class='ocrx_word' id='word_1_102' title='bbox 1183 1074 1333 1136; x_wconf 78' lang='lat' dir='ltr'>primo</span> <span class='ocrx_word' id='word_1_103' title='bbox 1358 1072 1457 1131; x_wconf 80' lang='lat' dir='ltr'>die,</span> 
     </span>
     <span class='ocr_line' id='line_1_15' title="bbox 174 1140 1458 1208; baseline 0.005 -24"><span class='ocrx_word' id='word_1_104' title='bbox 174 1140 358 1202; x_wconf 78' lang='lat' dir='ltr'>postero</span> <span class='ocrx_word' id='word_1_105' title='bbox 393 1141 447 1186; x_wconf 85' lang='lat' dir='ltr'>ad</span> <span class='ocrx_word' id='word_1_106' title='bbox 465 1142 670 1205; x_wconf 75' lang='lat' dir='ltr'>Xylinen</span> <span class='ocrx_word' id='word_1_107' title='bbox 704 1142 867 1207; x_wconf 82' lang='lat' dir='ltr'>(quam</span> <span class='ocrx_word' id='word_1_108' title='bbox 889 1143 1094 1208; x_wconf 86' lang='lat' dir='ltr'>vocant)</span> <span class='ocrx_word' id='word_1_109' title='bbox 1125 1161 1287 1192; x_wconf 88' lang='lat' dir='ltr'>comen</span> <span class='ocrx_word' id='word_1_110' title='bbox 1307 1144 1458 1207; x_wconf 84' lang='lat' dir='ltr'>posuit</span> 
     </span>
     <span class='ocr_line' id='line_1_16' title="bbox 176 1211 1457 1263; baseline 0.003 -5"><span class='ocrx_word' id='word_1_111' title='bbox 176 1211 328 1258; x_wconf 77' lang='lat' dir='ltr'>castra.</span> <span class='ocrx_word' id='word_1_112' title='bbox 363 1212 591 1260; x_wconf 54' lang='lat' dir='ltr'>Profeffms</span> <span class='ocrx_word' id='word_1_113' title='bbox 624 1215 727 1262; x_wconf 84' lang='lat' dir='ltr'>inde</span> <span class='ocrx_word' id='word_1_114' title='bbox 760 1215 1100 1263; x_wconf 79' lang='lat' dir='ltr'>continentibus</span> <span class='ocrx_word' id='word_1_115' title='bbox 1132 1216 1365 1262; x_wconf 84' lang='lat' dir='ltr'>itineribus</span> <span class='ocrx_word' id='word_1_116' title='bbox 1401 1216 1457 1262; x_wconf 81' lang='lat' dir='ltr'>ad</span> 
     </span>
     <span class='ocr_line' id='line_1_17' title="bbox 177 1285 1459 1352; baseline 0.005 -22"><span class='ocrx_word' id='word_1_117' title='bbox 177 1285 392 1332; x_wconf 66' lang='lat' dir='ltr'>Cormasa</span> <span class='ocrx_word' id='word_1_118' title='bbox 411 1287 567 1333; x_wconf 79' lang='lat' dir='ltr'>urbem</span> <span class='ocrx_word' id='word_1_119' title='bbox 585 1289 808 1350; x_wconf 83' lang='lat' dir='ltr'>pervenit.</span> <span class='ocrx_word' id='word_1_120' title='bbox 833 1289 977 1335; x_wconf 74' lang='lat' dir='ltr'>Darsa</span> <span class='ocrx_word' id='word_1_121' title='bbox 1001 1289 1207 1352; x_wconf 83' lang='lat' dir='ltr'>proxima</span> <span class='ocrx_word' id='word_1_122' title='bbox 1224 1291 1327 1336; x_wconf 83' lang='lat' dir='ltr'>urbs</span> <span class='ocrx_word' id='word_1_123' title='bbox 1348 1294 1459 1338; x_wconf 75' lang='lat' dir='ltr'>erat.</span> 
     </span>
     <span class='ocr_line' id='line_1_18' title="bbox 175 1355 1456 1424; baseline 0.005 -21"><span class='ocrx_word' id='word_1_124' title='bbox 175 1375 273 1404; x_wconf 85' lang='lat' dir='ltr'>eam</span> <span class='ocrx_word' id='word_1_125' title='bbox 293 1394 307 1416; x_wconf 84' lang='lat'>‚</span> <span class='ocrx_word' id='word_1_126' title='bbox 341 1370 461 1404; x_wconf 81' lang='lat' dir='ltr'>metu</span> <span class='ocrx_word' id='word_1_127' title='bbox 496 1360 747 1408; x_wconf 74' lang='lat' dir='ltr'>incolarum</span> <span class='ocrx_word' id='word_1_128' title='bbox 779 1362 989 1408; x_wconf 74' lang='lat' dir='ltr'>desertam</span> <span class='ocrx_word' id='word_1_129' title='bbox 1009 1397 1022 1418; x_wconf 84' lang='lat'><em>‚</em></span> <span class='ocrx_word' id='word_1_130' title='bbox 1050 1362 1225 1424; x_wconf 79' lang='lat' dir='ltr'>plenam</span> <span class='ocrx_word' id='word_1_131' title='bbox 1251 1355 1456 1409; x_wconf 85' lang='lat' dir='ltr'>omnium</span> 
     </span>
     <span class='ocr_line' id='line_1_19' title="bbox 168 1432 1460 1498; baseline 0.004 -21"><span class='ocrx_word' id='word_1_132' title='bbox 168 1449 326 1497; x_wconf 19' lang='lat' dir='ltr'>&#39;rerum</span> <span class='ocrx_word' id='word_1_133' title='bbox 360 1432 490 1494; x_wconf 81' lang='lat' dir='ltr'>copia</span> <span class='ocrx_word' id='word_1_134' title='bbox 523 1433 715 1481; x_wconf 82' lang='lat' dir='ltr'>invenit.</span> <span class='ocrx_word' id='word_1_135' title='bbox 753 1434 1064 1498; x_wconf 74' lang='lat' dir='ltr'>progredienti</span> <span class='ocrx_word' id='word_1_136' title='bbox 1096 1447 1254 1496; x_wconf 79' lang='lat' dir='ltr'>praeter</span> <span class='ocrx_word' id='word_1_137' title='bbox 1276 1436 1460 1498; x_wconf 80' lang='lat' dir='ltr'>paludes</span> 
     </span>
     <span class='ocr_line' id='line_1_20' title="bbox 177 1503 1455 1570; baseline 0.005 -21"><span class='ocrx_word' id='word_1_138' title='bbox 177 1503 311 1567; x_wconf 75' lang='lat' dir='ltr'>legati</span> <span class='ocrx_word' id='word_1_139' title='bbox 341 1505 396 1551; x_wconf 92' lang='lat' dir='ltr'>ab</span> <span class='ocrx_word' id='word_1_140' title='bbox 425 1505 651 1570; x_wconf 66' lang='lat' dir='ltr'>Lysinoe,</span> <span class='ocrx_word' id='word_1_141' title='bbox 680 1507 893 1555; x_wconf 79' lang='lat' dir='ltr'>(ledentes</span> <span class='ocrx_word' id='word_1_142' title='bbox 922 1507 1150 1556; x_wconf 87' lang='lat' dir='ltr'>civitatem</span> <span class='ocrx_word' id='word_1_143' title='bbox 1170 1544 1184 1566; x_wconf 87' lang='lat'>,</span> <span class='ocrx_word' id='word_1_144' title='bbox 1219 1522 1455 1555; x_wconf 87' lang='lat' dir='ltr'>venerunt.</span> 
     </span>
     <span class='ocr_line' id='line_1_21' title="bbox 177 1578 1459 1645; baseline 0.005 -22"><span class='ocrx_word' id='word_1_145' title='bbox 177 1578 283 1623; x_wconf 85' lang='lat' dir='ltr'>Inde</span> <span class='ocrx_word' id='word_1_146' title='bbox 311 1578 358 1623; x_wconf 88' lang='lat' dir='ltr'>in</span> <span class='ocrx_word' id='word_1_147' title='bbox 392 1596 549 1642; x_wconf 79' lang='lat' dir='ltr'>agrum</span> <span class='ocrx_word' id='word_1_148' title='bbox 579 1581 933 1643; x_wconf 69' lang='lat' dir='ltr'>Sagalaflenum,</span> <span class='ocrx_word' id='word_1_149' title='bbox 964 1582 1144 1627; x_wconf 84' lang='lat' dir='ltr'>uberem</span> <span class='ocrx_word' id='word_1_150' title='bbox 1180 1581 1459 1645; x_wconf 83' lang='lat' dir='ltr'>fertilemque</span> 
     </span>
     <span class='ocr_line' id='line_1_22' title="bbox 178 1651 1458 1717; baseline 0.005 -21"><span class='ocrx_word' id='word_1_151' title='bbox 178 1651 306 1696; x_wconf 83' lang='lat' dir='ltr'>omni</span> <span class='ocrx_word' id='word_1_152' title='bbox 337 1670 498 1716; x_wconf 79' lang='lat' dir='ltr'>genere</span> <span class='ocrx_word' id='word_1_153' title='bbox 519 1654 722 1717; x_wconf 76' lang='lat' dir='ltr'>frugum,</span> <span class='ocrx_word' id='word_1_154' title='bbox 745 1668 929 1701; x_wconf 80' lang='lat' dir='ltr'>ventum</span> <span class='ocrx_word' id='word_1_155' title='bbox 961 1655 1035 1702; x_wconf 89' lang='lat' dir='ltr'>est.</span> <span class='ocrx_word' id='word_1_156' title='bbox 1071 1655 1246 1702; x_wconf 84' lang='lat' dir='ltr'>Colunt</span> <span class='ocrx_word' id='word_1_157' title='bbox 1273 1657 1458 1714; x_wconf 80' lang='lat' dir='ltr'>Pisidae,</span> 
     </span>
     <span class='ocr_line' id='line_1_23' title="bbox 176 1724 1459 1791; baseline 0.005 -22"><span class='ocrx_word' id='word_1_158' title='bbox 176 1724 311 1788; x_wconf 77' lang='lat' dir='ltr'>longe</span> <span class='ocrx_word' id='word_1_159' title='bbox 347 1726 507 1788; x_wconf 80' lang='lat' dir='ltr'>optimi</span> <span class='ocrx_word' id='word_1_160' title='bbox 539 1728 660 1773; x_wconf 84' lang='lat' dir='ltr'>bello</span> <span class='ocrx_word' id='word_1_161' title='bbox 695 1728 892 1791; x_wconf 81' lang='lat' dir='ltr'>regionis</span> <span class='ocrx_word' id='word_1_162' title='bbox 922 1727 1030 1789; x_wconf 73' lang='lat' dir='ltr'>ejus.</span> <span class='ocrx_word' id='word_1_163' title='bbox 1063 1745 1163 1775; x_wconf 87' lang='lat' dir='ltr'>cum</span> <span class='ocrx_word' id='word_1_164' title='bbox 1188 1745 1238 1775; x_wconf 85' lang='lat' dir='ltr'>ea</span> <span class='ocrx_word' id='word_1_165' title='bbox 1271 1745 1340 1775; x_wconf 88' lang='lat' dir='ltr'>res</span> <span class='ocrx_word' id='word_1_166' title='bbox 1358 1729 1459 1776; x_wconf 80' lang='lat' dir='ltr'>ani-</span> 
     </span>
     <span class='ocr_line' id='line_1_24' title="bbox 176 1796 1459 1864; baseline 0.005 -21"><span class='ocrx_word' id='word_1_167' title='bbox 176 1813 278 1843; x_wconf 86' lang='lat' dir='ltr'>mos</span> <span class='ocrx_word' id='word_1_168' title='bbox 307 1796 412 1845; x_wconf 81' lang='lat' dir='ltr'>facit</span> <span class='ocrx_word' id='word_1_169' title='bbox 428 1835 440 1857; x_wconf 82' lang='lat'>‚</span> <span class='ocrx_word' id='word_1_170' title='bbox 463 1812 560 1846; x_wconf 90' lang='lat' dir='ltr'>tum</span> <span class='ocrx_word' id='word_1_171' title='bbox 589 1802 681 1864; x_wconf 75' lang='lat' dir='ltr'>agri</span> <span class='ocrx_word' id='word_1_172' title='bbox 716 1800 1015 1859; x_wconf 80' lang='lat' dir='ltr'>foecunditas,</span> <span class='ocrx_word' id='word_1_173' title='bbox 1035 1803 1085 1849; x_wconf 88' lang='lat'>&amp;</span> <span class='ocrx_word' id='word_1_174' title='bbox 1101 1801 1342 1848; x_wconf 86' lang='lat' dir='ltr'>multitudo</span> <span class='ocrx_word' id='word_1_175' title='bbox 1371 1803 1459 1849; x_wconf 90' lang='lat' dir='ltr'>ho-</span> 
     </span>
     <span class='ocr_line' id='line_1_25' title="bbox 176 1868 1459 1935; baseline 0.005 -21"><span class='ocrx_word' id='word_1_176' title='bbox 176 1868 348 1916; x_wconf 86' lang='lat' dir='ltr'>minum</span> <span class='ocrx_word' id='word_1_177' title='bbox 367 1906 380 1928; x_wconf 87' lang='lat'>‚</span> <span class='ocrx_word' id='word_1_178' title='bbox 405 1873 453 1919; x_wconf 87' lang='lat'>&amp;</span> <span class='ocrx_word' id='word_1_179' title='bbox 479 1871 581 1920; x_wconf 71' lang='lat' dir='ltr'>situs</span> <span class='ocrx_word' id='word_1_180' title='bbox 611 1873 725 1920; x_wconf 78' lang='lat' dir='ltr'>inter</span> <span class='ocrx_word' id='word_1_181' title='bbox 756 1891 919 1935; x_wconf 81' lang='lat' dir='ltr'>paucas</span> <span class='ocrx_word' id='word_1_182' title='bbox 946 1875 1131 1920; x_wconf 79' lang='lat' dir='ltr'>munitae</span> <span class='ocrx_word' id='word_1_183' title='bbox 1155 1874 1290 1922; x_wconf 77' lang='lat' dir='ltr'>urbis,</span> <span class='ocrx_word' id='word_1_184' title='bbox 1328 1875 1459 1921; x_wconf 86' lang='lat' dir='ltr'>Con-</span> 
     </span>
     <span class='ocr_line' id='line_1_26' title="bbox 176 1940 1458 2008; baseline 0.004 -21"><span class='ocrx_word' id='word_1_185' title='bbox 176 1940 264 2000; x_wconf 84' lang='lat' dir='ltr'>sul,</span> <span class='ocrx_word' id='word_1_186' title='bbox 284 1942 387 2004; x_wconf 84' lang='lat' dir='ltr'>quia</span> <span class='ocrx_word' id='word_1_187' title='bbox 412 1944 534 1989; x_wconf 89' lang='lat' dir='ltr'>nulla</span> <span class='ocrx_word' id='word_1_188' title='bbox 553 1944 716 2007; x_wconf 84' lang='lat' dir='ltr'>legatio</span> <span class='ocrx_word' id='word_1_189' title='bbox 739 1946 792 1991; x_wconf 87' lang='lat' dir='ltr'>ad</span> <span class='ocrx_word' id='word_1_190' title='bbox 811 1944 946 1991; x_wconf 86' lang='lat' dir='ltr'>finem</span> <span class='ocrx_word' id='word_1_191' title='bbox 973 1945 1134 2008; x_wconf 84' lang='lat' dir='ltr'>praesto</span> <span class='ocrx_word' id='word_1_192' title='bbox 1157 1945 1325 2004; x_wconf 84' lang='lat' dir='ltr'>fuerat,</span> <span class='ocrx_word' id='word_1_193' title='bbox 1344 1963 1458 2008; x_wconf 83' lang='lat' dir='ltr'>prae-</span> 
     </span>
     <span class='ocr_line' id='line_1_27' title="bbox 177 2014 1459 2083; baseline 0.005 -23"><span class='ocrx_word' id='word_1_194' title='bbox 177 2014 331 2061; x_wconf 87' lang='lat' dir='ltr'>datum</span> <span class='ocrx_word' id='word_1_195' title='bbox 363 2015 409 2062; x_wconf 87' lang='lat' dir='ltr'>in</span> <span class='ocrx_word' id='word_1_196' title='bbox 441 2035 571 2080; x_wconf 79' lang='lat' dir='ltr'>agros</span> <span class='ocrx_word' id='word_1_197' title='bbox 596 2018 724 2065; x_wconf 61' lang='lat' dir='ltr'>misit.</span> <span class='ocrx_word' id='word_1_198' title='bbox 763 2036 858 2066; x_wconf 86' lang='lat' dir='ltr'>tum</span> <span class='ocrx_word' id='word_1_199' title='bbox 892 2020 1069 2066; x_wconf 79' lang='lat' dir='ltr'>demum</span> <span class='ocrx_word' id='word_1_200' title='bbox 1099 2019 1235 2066; x_wconf 59' lang='lat' dir='ltr'>sraela</span> <span class='ocrx_word' id='word_1_201' title='bbox 1260 2019 1459 2083; x_wconf 79' lang='lat' dir='ltr'>pertina-</span> 
     </span>
     <span class='ocr_line' id='line_1_28' title="bbox 176 2089 1459 2157; baseline 0.004 -22"><span class='ocrx_word' id='word_1_202' title='bbox 176 2089 244 2135; x_wconf 88' lang='lat' dir='ltr'>cia</span> <span class='ocrx_word' id='word_1_203' title='bbox 280 2089 372 2149; x_wconf 81' lang='lat' dir='ltr'>est,</span> <span class='ocrx_word' id='word_1_204' title='bbox 407 2103 456 2136; x_wconf 92' lang='lat' dir='ltr'>ut</span> <span class='ocrx_word' id='word_1_205' title='bbox 482 2091 587 2137; x_wconf 76' lang='lat' dir='ltr'>ferri</span> <span class='ocrx_word' id='word_1_206' title='bbox 618 2093 776 2156; x_wconf 84' lang='lat' dir='ltr'>agique</span> <span class='ocrx_word' id='word_1_207' title='bbox 811 2110 880 2139; x_wconf 82' lang='lat' dir='ltr'>res</span> <span class='ocrx_word' id='word_1_208' title='bbox 914 2092 1008 2139; x_wconf 86' lang='lat' dir='ltr'>suas</span> <span class='ocrx_word' id='word_1_209' title='bbox 1035 2092 1261 2141; x_wconf 77' lang='lat' dir='ltr'>viderunt.</span> <span class='ocrx_word' id='word_1_210' title='bbox 1287 2093 1459 2157; x_wconf 79' lang='lat' dir='ltr'>Legatis·</span> 
     </span>
     <span class='ocr_line' id='line_1_29' title="bbox 175 2163 1458 2231; baseline 0.005 -24"><span class='ocrx_word' id='word_1_211' title='bbox 175 2163 310 2209; x_wconf 74' lang='lat' dir='ltr'>mistis</span> <span class='ocrx_word' id='word_1_212' title='bbox 327 2199 341 2221; x_wconf 87' lang='lat'>,</span> <span class='ocrx_word' id='word_1_213' title='bbox 368 2165 482 2226; x_wconf 70' lang='lat' dir='ltr'>paffi</span> <span class='ocrx_word' id='word_1_214' title='bbox 502 2166 827 2229; x_wconf 80' lang='lat' dir='ltr'>quinquaginta</span> <span class='ocrx_word' id='word_1_215' title='bbox 848 2167 1026 2214; x_wconf 80' lang='lat' dir='ltr'>talentis</span> <span class='ocrx_word' id='word_1_216' title='bbox 1042 2205 1057 2225; x_wconf 90' lang='lat'><strong><em>,</em></strong></span> <span class='ocrx_word' id='word_1_217' title='bbox 1093 2169 1143 2215; x_wconf 88' lang='lat'>&amp;</span> <span class='ocrx_word' id='word_1_218' title='bbox 1166 2168 1328 2231; x_wconf 85' lang='lat' dir='ltr'>viginti</span> <span class='ocrx_word' id='word_1_219' title='bbox 1353 2168 1458 2213; x_wconf 87' lang='lat' dir='ltr'>mil-</span> 
     </span>
     <span class='ocr_line' id='line_1_30' title="bbox 174 2234 1461 2303; baseline 0.005 -24"><span class='ocrx_word' id='word_1_220' title='bbox 174 2234 290 2282; x_wconf 84' lang='lat' dir='ltr'>libus</span> <span class='ocrx_word' id='word_1_221' title='bbox 310 2237 585 2284; x_wconf 68' lang='lat' dir='ltr'>medimnum</span> <span class='ocrx_word' id='word_1_222' title='bbox 604 2239 740 2286; x_wconf 86' lang='lat' dir='ltr'>tritici</span> <span class='ocrx_word' id='word_1_223' title='bbox 759 2275 774 2297; x_wconf 83' lang='lat'>,</span> <span class='ocrx_word' id='word_1_224' title='bbox 805 2239 967 2303; x_wconf 81' lang='lat' dir='ltr'>viginti</span> <span class='ocrx_word' id='word_1_225' title='bbox 992 2239 1178 2298; x_wconf 81' lang='lat' dir='ltr'>hordei,</span> <span class='ocrx_word' id='word_1_226' title='bbox 1201 2255 1352 2300; x_wconf 87' lang='lat' dir='ltr'>pacem</span> <span class='ocrx_word' id='word_1_227' title='bbox 1373 2239 1461 2286; x_wconf 87' lang='lat' dir='ltr'>im-</span> 
     </span>
     <span class='ocr_line' id='line_1_31' title="bbox 175 2310 1458 2373; baseline 0.007 -22"><span class='ocrx_word' id='word_1_228' title='bbox 175 2319 481 2368; x_wconf 77' lang='lat' dir='ltr'>petraverunt.</span> <span class='ocrx_word' id='word_1_229' title='bbox 516 2311 772 2373; x_wconf 73' lang='lat' dir='ltr'>Progressus</span> <span class='ocrx_word' id='word_1_230' title='bbox 792 2312 895 2358; x_wconf 86' lang='lat' dir='ltr'>inde</span> <span class='ocrx_word' id='word_1_231' title='bbox 915 2313 969 2359; x_wconf 83' lang='lat' dir='ltr'>ad</span> <span class='ocrx_word' id='word_1_232' title='bbox 989 2310 1384 2365; x_wconf 58' lang='lat' dir='ltr'>Obrimae&#39;fontes‚</span> <span class='ocrx_word' id='word_1_233' title='bbox 1403 2312 1458 2360; x_wconf 86' lang='lat' dir='ltr'>ad</span> 
     </span>
     <span class='ocr_line' id='line_1_32' title="bbox 178 2380 1457 2448; baseline 0.002 -20"><span class='ocrx_word' id='word_1_234' title='bbox 178 2380 332 2430; x_wconf 83' lang='lat' dir='ltr'>vicum</span> <span class='ocrx_word' id='word_1_235' title='bbox 351 2418 365 2442; x_wconf 82' lang='lat'>‚</span> <span class='ocrx_word' id='word_1_236' title='bbox 388 2400 521 2448; x_wconf 82' lang='lat' dir='ltr'>quem</span> <span class='ocrx_word' id='word_1_237' title='bbox 538 2384 766 2447; x_wconf 78' lang='lat' dir='ltr'>Aporidos</span> <span class='ocrx_word' id='word_1_238' title='bbox 797 2400 961 2434; x_wconf 87' lang='lat' dir='ltr'>comen</span> <span class='ocrx_word' id='word_1_239' title='bbox 994 2395 1189 2444; x_wconf 84' lang='lat' dir='ltr'>vocant,</span> <span class='ocrx_word' id='word_1_240' title='bbox 1210 2382 1358 2447; x_wconf 81' lang='lat' dir='ltr'>posuit</span> <span class='ocrx_word' id='word_1_241' title='bbox 1378 2399 1457 2433; x_wconf 88' lang='lat' dir='ltr'>ca·-</span> 
     </span>
    </p>
   </div>
  </div>
 </body>
</html>
