1618 2715
170 115 232 174 84
516 114 1082 162 T1T1L1V11

169 221 234 268 les
259 219 509 268 inveniant.
532 221 770 265 Extremos
790 219 846 264 ad
868 217 1088 264 orientem
1106 226 1283 263 montes·
1305 215 1457 275 OEtam

173 306 368 352 vocant,
392 311 588 357 quorum
612 293 737 356 quod
758 292 1010 339 altiffimum
1031 290 1458 349 est,‹Callidr0mon

171 368 450 430 appellatum
476 366 523 412 in
550 365 677 427 cujus
697 365 816 413 valle
843 365 898 412 ad
925 365 1168 411 Maliacum
1189 364 1332 410 finum
1355 379 1460 408 ver-

173 453 306 503 gente
337 441 420 486 iter
452 439 514 486 est
551 456 646 487 non
681 439 836 496 latius,
869 455 1004 501 quam
1037 437 1262 501 sexaginta
1298 435 1460 498 passus.

175 512 285 559 Haec
312 529 400 559 una
430 511 633 558 militaris
663 511 736 557 via
763 511 852 568 est,
884 527 970 573 qua
997 508 1173 556 traduci
1204 508 1428 555 exercitus
1445 543 1461 566 ‚

172 584 206 629 fi
244 600 338 629 non
372 582 726 645 prohibeantur,
762 582 943 645 poffint.
979 581 1083 627 ideo
1120 580 1276 645 Pylae,
1314 583 1363 627 &
1403 579 1461 626 ab

173 657 292 712 aliis,
313 657 416 719 quia
438 656 591 702 calidae
612 645 738 719 zfqtlae
759 657 804 702 in
824 656 925 719 ipsis
946 654 1148 702 faucibus
1169 654 1292 713 sunt,
1313 655 1461 700 Ther-

175 730 380 792 mopylae
417 729 548 774 locus
585 729 858 790 appellatur,
888 727 1056 774 nobilis
1089 726 1462 773 Lacedaemonio-

176 819 275 848 rum
298 800 507 847 adversus
527 799 674 847 Persas
689 811 835 865 morte
853 799 987 863 magis
1005 797 1310 857 memorabili,
1329 814 1462 862 quam

177 890 342 938 pugna.

245 948 369 992 XVI.
392 945 748 1009 Haudquaquam
769 944 866 1008 pari
889 956 986 991 tum
1007 944 1160 992 animo
1182 942 1464 1002 Antiochus²,

179 1022 297 1069 intra
322 1033 475 1083 portas
507 1020 600 1066 loci
629 1019 722 1080 ejus
752 1020 899 1066 castris
928 1019 1108 1082 positis,
1138 1018 1467 1064 munitionibus

181 1094 360 1156 insuper
394 1093 555 1141 saltum
579 1092 860 1155 impediebat.
892 1095 971 1152 &,
1007 1110 1108 1140 cum
1139 1092 1310 1154 duplici
1340 1091 1467 1137 vallo

182 1166 408 1229 fossaque,
435 1168 485 1213 &
520 1181 652 1210 muro
686 1166 817 1211 etiam
837 1200 850 1222 ‚
883 1182 970 1228 qua
1007 1181 1074 1211 res
1107 1163 1381 1226 postulabat,
1411 1179 1468 1208 ex

181 1239 323 1287 multa
343 1239 476 1301 copia
496 1237 646 1300 paflim
666 1235 908 1298 jacentium
936 1237 1131 1300 lapidum
1150 1271 1163 1292 ‚
1185 1235 1470 1299 permunisset

183 1315 367 1371 omnia,
400 1312 497 1359 satis
532 1310 699 1370 fidens,
737 1329 970 1375 nunquam
1001 1329 1049 1358 ea
1084 1310 1179 1356 vim
1211 1311 1470 1356 Romanum

184 1387 432 1435 exercitum
461 1385 704 1443 faciurum,
734 1386 914 1432 AEtolos
952 1401 1007 1431 ex
1042 1400 1238 1448 quatuor
1262 1374 1471 1429 vmillibus.

186 1462 294 1520 (tot
313 1459 432 1506 enim
454 1456 793 1521 convenerant)
815 1458 974 1520 partim
996 1458 1049 1503 ad
1070 1456 1334 1503 Heracleam
1353 1472 1473 1518 prae-

184 1534 299 1581 sidio
322 1531 640 1586 obtinendam,
661 1548 762 1593 quae
790 1543 892 1578 ante
912 1531 1026 1593 ipsas
1047 1529 1195 1576 fauces
1223 1528 1366 1592 potita
1385 1528 1473 1585 est,

188 1607 351 1671 partim
378 1607 605 1669 Hypatam
627 1604 792 1663 mittit,
817 1607 865 1652 &
886 1604 1145 1651 Heracleam
1171 1602 1287 1648 haud
1314 1601 1475 1647 dubius

191 1679 421 1728 consulem
445 1689 835 1741 oppugnaturum,
866 1679 916 1724 &
936 1676 1023 1738 jam
1055 1675 1204 1721 multis
1229 1673 1477 1720 nuntianti-

190 1754 302 1811 bus,
324 1752 443 1799 circa
464 1754 693 1814 Hypatam
715 1751 868 1798 omnia
889 1749 1091 1797 evastari.
1117 1746 1314 1803 Consul,
1334 1747 1477 1808 depo·
1523 1804 1531 1808 K
1599 1755 1600 1758 ’

192 1825 371 1890 pulatus
406 1823 711 1888 Hypatensem
738 1824 914 1887 primo,
948 1822 1106 1868 deinde
1138 1819 1477 1867 Heracleensem

192 1914 346 1962 agrum
361 1933 374 1954 ,
393 1896 540 1943 inutili
565 1895 805 1959 utrobique
823 1894 992 1940 auxilio
1009 1892 1292 1947 AEtolorum‚
1310 1891 1355 1936 in
1377 1890 1478 1951 ipsis

193 1968 395 2016 faucibus
425 1983 567 2029 prope
594 1966 743 2013 fontes
773 1965 1015 2016 calidarum
1035 1980 1249 2026 aquarum
1269 1961 1480 2008 adversus

190 2057 344 2104 *regem
381 2039 518 2086 castra
567 2038 733 2102 posuit.
784 2037 1043 2085 AEtolorum
1083 2047 1285 2098 utraeque
1328 2050 1481 2080 manus

195 2114 455 2162 Heracleam
476 2112 561 2158 sese
581 2111 869 2158 incluserunt.
892 2109 1198 2165 Antiochum,
1222 2108 1293 2154 cui
1307 2143 1320 2166 ,
1338 2106 1484 2169 prius-

196 2191 332 2251 quam
366 2185 535 2233 hostem
569 2197 795 2241 cerneret,
835 2183 932 2230 satis
965 2181 1117 2228 omnia
1151 2179 1401 2243 permunita
1434 2180 1485 2226 δέ

192 2260 411 2323 praesidiis
430 2259 615 2321 obsepta
637 2258 929 2312 videbantur,
949 2257 1086 2302 timor
1110 2255 1267 2300 deinde
1287 2252 1456 2299 inceffit
1471 2289 1485 2308 ,

199 2349 256 2379 ne
289 2350 397 2397 quas
435 2349 512 2394 per
545 2331 823 2377 imminentia
862 2328 967 2392 juga
1003 2328 1134 2375 calles
1171 2326 1399 2372 inveniret
1429 2326 1484 2371 ad

202 2405 430 2453 transitum
460 2405 707 2452 Romanus.
737 2419 838 2450 nam
862 2403 912 2450 δε
939 2397 1305 2450 Lacedaemonios
1332 2413 1482 2461 quon-
