1618 2715
218 117 279 165 26
581 120 1150 179 T1T1L1v11

216 239 337 270 mum
372 222 481 282 fuit,
514 225 754 284 Quinfflus
785 243 864 288 per
896 226 1077 289 Ligures
1110 227 1158 273 in
1190 226 1328 289 Boios
1358 227 1503 278 veniri

215 296 330 343 Duo
358 296 591 344 consulum
622 298 797 362 agmina
823 297 997 347 diversa
1022 300 1106 346 late
1126 317 1282 363 agrum
1302 300 1499 349 hostium

212 367 539 430 pervastarunt,
562 369 711 432 primo
731 370 901 433 equites
923 385 1081 416 eorum
1107 371 1238 433 pauci
1259 389 1360 418 cum
1384 389 1501 435 prae·-

212 440 363 498 feffis,
383 441 542 488 deinde
561 443 796 489 universus
831 442 1033 500 senatus,
1053 443 1282 505 postremo
1316 444 1364 491 in
1391 445 1499 507 qui-

211 513 296 560 bus
319 526 398 560 aut
426 513 609 561 fortuna
636 515 811 578 aliqua,
833 527 908 561 aut
938 514 1127 578 dignitas
1152 528 1268 574 erat,
1291 517 1345 562 ad
1375 516 1498 563 mille

209 588 446 652 quingenti
467 589 523 634 ad
547 587 754 635 consules
775 587 1120 651 transfugerunt.
1158 590 1213 634 Et
1241 588 1287 634 in
1307 602 1498 651 utraque

210 660 422 723 Hispania
450 677 507 707 eo
537 677 659 707 anno
693 677 762 706 res
793 659 1005 722 prospere
1034 659 1176 724 gestae.
1219 677 1321 707 nam
1355 663 1406 707 ὅ(
1437 660 1495 707 C.

210 734 451 781 Flaminius
488 734 709 797 oppidum
746 735 1004 791 Litabrum‚
1034 733 1255 779 munitum
1295 735 1495 796 opulen-

212 816 427 868 tumque,
457 804 606 852 vineis
638 806 948 868 expugnavit,
984 806 1032 852 δι
1061 804 1261 850 nobilem
1290 806 1497 868 regulum

209 877 555 924 Corribilonem
577 878 739 925 vivum
767 878 911 941 cepit:
933 879 982 925 &
1003 879 1067 924 M.
1088 877 1270 924 Fulvius
1289 894 1495 939 procon-

209 951 273 999 sul
300 970 401 999 cum
434 953 612 999 duobus
648 953 919 1000 exercitibus
949 951 1145 998 hostium
1177 952 1267 997 duo
1305 950 1496 998 secunda

209 1025 373 1089 proelia
403 1024 511 1073 fecit
533 1042 545 1070 :
567 1026 734 1088 oppida
762 1026 856 1072 duo
883 1024 1219 1087 Hispanorum,
1249 1022 1497 1070 Vesceliam

210 1097 564 1161 Holonemque,
594 1100 643 1146 &
684 1097 860 1145 castella
894 1097 1034 1144 multa
1070 1095 1346 1159 expugnavit
1373 1113 1385 1142 ε
1414 1095 1495 1141 alia

210 1171 450 1218 voluntate
489 1172 543 1217 ad
579 1188 680 1217 eum
723 1170 1000 1218 defecerunt.
1039 1182 1134 1215 tum
1183 1169 1229 1214 in
1266 1169 1498 1214 Oretanos

207 1243 489 1306 progressus,
512 1244 562 1290 ὃ(
586 1243 649 1289 ibi
677 1243 853 1289 duobus
883 1242 1055 1305 potitus
1086 1241 1293 1307 oppidis,
1322 1239 1494 1287 Noliba

208 1317 258 1363 &
278 1315 451 1374 Cufibi,
470 1316 525 1363 ad
544 1318 719 1380 Tagum
739 1332 914 1362 amnem
934 1316 997 1362 ire
1020 1315 1178 1380 pergit.
1195 1315 1410 1361 Toletum
1430 1312 1494 1360 ibi

207 1405 348 1452 parva
380 1390 486 1437 urbs
518 1402 638 1448 erat,
672 1390 745 1437 sed
770 1389 878 1437 Ioco
908 1390 1103 1437 munito.
1139 1407 1235 1436 eam
1271 1406 1371 1436 cum
1404 1405 1493 1450 op-

205 1474 456 1526 pugnaret,
491 1456 747 1510 VeCIonum
782 1480 968 1526 magnus
1001 1463 1226 1511 exercitus
1256 1461 1495 1508 Toletanis

206 1534 398 1582 subsidio
420 1536 559 1585 venit.
585 1537 703 1582 Cum
723 1535 792 1582 his
816 1534 947 1598 signis
975 1535 1149 1582 collatis
1176 1532 1386 1597 prospere
1406 1550 1494 1595 pu·-

206 1608 368 1672 gnavit
397 1627 408 1655 ι
440 1610 519 1668 &,
547 1608 651 1657 fusis
688 1608 995 1667 Vettonibus,
1027 1607 1241 1671 operibus
1276 1606 1495 1654 Toletum

206 1680 340 1743 cepit.

270 1755 441 1801 XXIII.
460 1756 674 1803 Ceterum
695 1771 752 1802 eo
773 1767 978 1819 tempore
998 1754 1146 1802 minus
1164 1771 1214 1802 ea
1233 1754 1346 1801 bella
1362 1790 1376 1813 ,
1392 1771 1495 1817 quae

206 1827 472 1891 gerebantur
486 1863 500 1885 ‚
522 1845 640 1876 curae
667 1828 870 1876 Patribus
894 1841 1047 1886 erant,
1065 1846 1199 1891 quam
1220 1827 1491 1891 exspediatio

206 1898 411 1945 nondum
440 1898 583 1960 coepti
613 1915 716 1945 cum
750 1899 981 1948 Antiocho
1017 1900 1137 1946 belli.
1169 1916 1272 1946 nam
1303 1899 1380 1945 etsi
1410 1915 1492 1961 per·

207 1972 377 2039 legatos
395 1970 640 2017 identidem
663 1971 817 2017 omnia
844 1972 1199 2035 explorabantur
1213 2007 1228 2028 ,
1246 1984 1395 2018 tamen
1417 1987 1492 2016 ru·

207 2062 385 2102 mores,
423 2061 588 2091 temere
632 2045 722 2092 fine
758 2046 862 2092 ullis
901 2045 1156 2092 au&oribus
1192 2045 1314 2102 orti,
1350 2044 1492 2091 multa

205 2118 310 2165 falsa
338 2119 457 2166 veris
478 2119 732 2166 miscebant.
767 2123 888 2167 Inter
914 2137 1016 2183 quae
1035 2120 1217 2166 allatum
1247 2133 1367 2175 erat,
1387 2134 1493 2164 cum

207 2193 254 2240 in
285 2193 498 2240 AEtoliam
521 2193 711 2241 veniffet
742 2195 1026 2252 Antiochus,
1057 2193 1287 2256 extemplo
1315 2191 1492 2239 claffem

206 2283 310 2313 eum
329 2266 378 2312 in
405 2266 600 2313 Siciliam
620 2266 864 2314 missurum.
884 2270 1035 2331 Itaque
1061 2267 1256 2324 senatus,
1275 2266 1352 2313 etfi
1371 2283 1491 2329 prae-

206 2351 352 2388 torem
372 2341 561 2389 Atilium
590 2359 693 2389 cum
720 2343 848 2389 claffe
875 2342 1052 2389 miserat
1076 2343 1123 2388 in
1144 2341 1365 2388 Graeciam
1381 2378 1395 2400 ,
1420 2354 1491 2387 ta-

206 2430 334 2479 men,
356 2415 461 2480 quia
481 2433 578 2464 non
604 2416 751 2481 copiis
772 2416 914 2466 modo
928 2451 945 2478 ,
973 2416 1049 2465 sed
1067 2415 1203 2464 etiam
1223 2415 1491 2470 auetoritate
