1618 2715
274 140 812 190 HISTORIARUM
847 140 966 186 LIB.
1002 139 1227 188 XXXEX.
1319 157 1410 207 339

133 252 524 314 Philopoemenem
556 263 735 312 captum
765 249 937 296 adduci.
975 248 1170 295 Primum
1199 250 1310 296 adeo
1342 251 1416 296 in·-

135 325 360 373 credibilis
381 323 471 372 visa
493 340 560 369 res
576 361 590 380 ‚
616 336 665 369 ut
686 340 779 368 non
805 339 890 385 pro
911 338 1034 368 vano
1055 323 1222 381 modo,
1245 322 1316 368 sed
1336 324 1420 370 vix

134 414 221 460 pro
244 397 351 443 sano
374 396 559 444 nuntius
583 396 825 442 audiretur.
854 396 1041 453 deinde,
1060 409 1109 442 ut
1132 397 1258 459 super
1282 397 1419 444 alium

135 469 247 516 alius
279 469 396 515 idem
439 485 596 516 omnes
634 468 897 515 affirmantes
928 469 1200 523 veniebam-Q
1240 471 1423 517 tandem

134 542 246 589 fasta
276 541 408 588 fides:
440 543 514 603 ἅ,
535 541 789 605 priusquam
811 541 1174 605 appropinquare
1197 544 1296 589 urbi
1319 543 1420 590 satis

138 615 331 672 scirent,
362 615 416 661 ad
446 614 738 677 spectaculum
760 631 943 672 omnes,
965 615 1091 660 fimul
1114 615 1240 661 liberi
1261 633 1310 662 ac
1333 616 1424 663 ser-

139 686 215 746 vi,
238 688 363 751 pueri
384 704 567 751 quoque
589 705 690 734 cum
715 687 890 734 fem-inis
908 725 921 745 ,
942 687 1244 736 effunduntur.
1275 690 1428 752 itaque

144 762 393 810 clauserant
411 775 587 824 portam
611 763 754 808 turbae
770 800 784 819 ‚
809 762 913 808 dum
940 780 1022 825 pro
1054 763 1094 808 se
1115 763 1321 826 quisque,
1344 764 1426 810 nifi

141 835 235 898 ipse
267 835 411 881 oculis
439 835 523 880 suis
548 835 820 890 credidisset,
839 836 920 881 vix
951 852 1036 898 pro
1067 850 1298 900 comperta
1323 849 1426 883 tan-

143 923 232 956 tam
267 927 358 956 rem
391 910 619 956 habiturus
656 909 899 955 videretur.
944 911 1075 972 AEgre
1107 910 1426 957 submoventes

146 985 318 1031 obvios
342 985 506 1031 intrare
540 995 718 1046 portam
738 1019 752 1040 ‚
783 983 860 1046 qui
881 983 1162 1030 adducebant
1192 985 1429 1048 Philopoe-

144 1072 349 1116 menem,
371 1069 643 1120 potuerunt,
674 1070 804 1119 atque
825 1056 955 1101 turba
976 1055 1181 1102 conferta
1212 1056 1293 1102 iter
1322 1058 1426 1103 reli—

145 1148 287 1195 quum
322 1131 546 1178 clauserat.
587 1132 664 1188 &,
697 1128 801 1176 cuin
829 1147 930 1192 pars
961 1130 1153 1176 maxima
1190 1132 1363 1178 exclusa
1402 1151 1427 1179 a

151 1204 404 1266 speciaculo
434 1204 565 1261 esset,
585 1204 805 1252 theatrum
837 1216 1019 1265 repente
1038 1240 1051 1262 ‚
1070 1205 1194 1267 quod
1216 1206 1301 1251 viae
1323 1224 1428 1269 pro-

146 1277 370 1340 pinquum
405 1290 526 1336 erat,
552 1275 930 1339 compleverunt,
964 1279 1040 1334 &‚
1075 1290 1123 1323 ut
1150 1294 1205 1324 eo
1238 1278 1281 1323 in
1314 1296 1428 1326 con-

148 1349 343 1412 speE'tum
371 1349 533 1412 populi
564 1350 888 1403 adduceretur,
912 1366 998 1394 una
1019 1366 1136 1396 voce
1163 1367 1320 1398 omnes
1346 1370 1430 1399 ex-

150 1421 409 1486 poscebant.
429 1421 708 1484 Magistratus
726 1423 773 1467 &
790 1420 1033 1482 principes,
1054 1422 1206 1480 veriti,
1227 1441 1280 1469 ne
1299 1442 1433 1488 quem

149 1508 324 1540 motum
359 1493 666 1540 misericordia
699 1492 923 1554 praesentis
960 1495 1072 1539 tanti
1111 1495 1200 1540 viri
1234 1494 1429 1557 faceret,

152 1583 256 1612 cum
296 1566 407 1611 alios
450 1564 722 1610 verecundia
767 1564 959 1626 pristinae
994 1564 1230 1627 majestatis
1268 1568 1432 1617 collata

153 1637 358 1700 praesenti
390 1637 585 1683 fortunae
604 1673 616 1693 ‚
637 1637 750 1683 alios
778 1637 1034 1684 recordatio
1063 1639 1309 1702 ingentium
1341 1659 1436 1688 me-

155 1711 344 1756 ritorum
363 1726 542 1756 motura
564 1709 668 1755 efl'et
685 1744 698 1766 ,
719 1710 879 1771 procul
900 1710 943 1755 in
967 1711 1205 1774 conspectu
1224 1730 1323 1759 eum
1346 1715 1435 1762 sta-

155 1793 348 1829 tuerunt.
381 1782 537 1828 deinde
567 1780 727 1843 raptim
756 1797 811 1826 ex
839 1782 982 1829 oculis
1004 1783 1238 1830 hominurn
1266 1787 1433 1834 abstra-

156 1868 320 1901 xerunt
335 1891 348 1913 ‚
367 1866 563 1917 praetore
585 1855 838 1900 Dinocrate
857 1854 1032 1902 dicente
1048 1892 1062 1913 ,
1082 1856 1189 1914 effe,
1212 1875 1310 1920 quae
1332 1878 1434 1922 per-

157 1925 343 1972 tinentia
369 1927 422 1971 ad
443 1925 654 1971 summam
682 1925 785 1971 belli
815 1928 1069 1988 percontari
1089 1944 1189 1974 eum
1211 1932 1438 1994 magistra-

158 2014 231 2047 tus
265 2001 448 2046 vellent.
486 2000 589 2045 Inde
617 2000 807 2047 abducto
841 2018 896 2047 eo
922 2002 969 2047 in
998 2002 1194 2062 curiam,
1217 2007 1266 2052 &
1287 2005 1438 2056 senatu.

159 2087 360 2127 vocato,
392 2070 635 2118 consultari
670 2085 885 2133 coeptum.

225 2146 273 2189 L.
310 2144 401 2189 Jam
435 2142 815 2206 invesperascebat
835 2181 848 2202 ,
879 2147 929 2193 δε
961 2162 1054 2193 non
1085 2148 1228 2195 modo
1259 2149 1436 2209 cetera,

161 2216 236 2262 sed
268 2232 323 2261 ne
354 2215 398 2260 in
430 2216 681 2277 proximam
710 2217 889 2280 quidem
923 2221 1101 2266 nossem
1132 2221 1208 2266 ubi
1237 2222 1334 2268 satis
1365 2236 1438 2269 tu-

162 2303 214 2334 to
238 2288 558 2348 custodiretur,
579 2291 885 2352 expediebant.
918 2293 1250 2354 Obstupueram
1271 2296 1323 2340 ad
1343 2313 1440 2342 ma-

163 2361 443 2422 gnitudinem
473 2363 668 2425 pristinae
704 2362 799 2424 ejus
834 2362 1029 2411 fortunae
1063 2367 1360 2430 virtutisque:
1389 2371 1439 2416 δε

162 2450 309 2497 neque
340 2433 420 2497 ipsi
457 2435 645 2484 domum
683 2436 881 2500 recipere
918 2437 1263 2486 custodiendum
1303 2441 1440 2488 aude-2

1062 2510 1147 2557 Υ).
