1618 2715
202 100 399 165 ιφ
555 94 1114 145 T1T1L1v11

195 222 293 258 erat
327 225 384 256 ex
416 204 549 271 Syria
579 204 768 260 venire,
803 201 1016 248 tredecim
1049 199 1136 247 suis
1168 196 1387 255 navibus,
1425 199 1474 247 δε

198 300 289 331 una
320 282 421 328 Coa
456 276 796 342 quinqueremi,
829 274 965 321 altera
999 273 1193 331 Gnidia,
1227 271 1473 329 Rhodum,

199 368 251 403 ut
272 354 335 401 ibi
359 353 405 398 in
427 350 616 397 statione
637 347 796 401 essent,
820 345 1009 408 profecti
1039 343 1155 394 sunt.
1181 344 1324 391 Biduo
1346 356 1474 400 ante,

198 445 336 493 quam
362 425 585 489 Eudamus
617 438 719 468 cum
747 419 874 466 classe
894 436 919 465 a
942 419 1076 464 Samo
1098 417 1298 474 veniret,
1330 417 1475 463 trede«

199 503 290 550 cim
323 517 346 544 a
373 496 538 543 Rhodo
574 509 710 540 naves
739 509 838 539 cum
862 489 1136 552 Pamphilida
1165 489 1376 551 praestito
1397 491 1476 536 ad·-

198 572 356 623 versus
390 568 574 616 candem
608 566 838 629 Syriacam
872 562 1046 610 claffem
1078 561 1212 613 miffae
1232 597 1246 620 ,
1284 562 1476 608 affumtis

200 644 392 692 navibus
418 652 641 703 quatuor,
675 653 777 699 quae
803 635 945 682 Cariae
974 633 1177 696 praefidio
1210 648 1362 690 erant,
1389 649 1475 694 op-

200 711 503 781 pugnantibus
533 707 688 771 regiis,
715 706 899 754 Daedala
919 708 967 753 &
993 705 1195 768 quaedam
1222 705 1305 751 alia
1338 722 1477 767 parva

200 787 378 838 castella
399 782 632 831 obsidione
662 792 935 826 exemerunt.
970 778 1215 824 Eudamum
1241 777 1476 824 confestim

200 862 325 910 exire
343 855 523 922 placuit.
547 853 706 900 additae
723 852 825 899 huic
845 868 1029 916 quoque
1060 850 1159 896 sunt
1179 851 1233 896 ad
1254 867 1349 897 eam
1366 850 1476 898 clas-

200 934 325 988 sem,
353 945 486 994 quam
520 925 737 982 habebat,
770 923 844 973 sex
871 936 1036 986 apertae
1065 939 1219 969 naves.
1247 921 1477 973 Profectus

201 1024 332 1060 cum,
361 1013 575 1066 quantum
603 999 849 1046 accelerare
879 1008 1056 1059 poterat
1077 1033 1090 1055 ,
1123 995 1398 1054 maturasset,
1423 997 1478 1043 ad

201 1092 387 1144 portum
404 1111 418 1132 ‚
451 1091 587 1137 quem
613 1070 830 1134 Megisten
852 1082 1024 1117 vocant
1040 1105 1053 1127 ‚
1081 1067 1336 1132 praegreffos
1362 1084 1478 1117 con-

203 1151 416 1215 sequitur.
448 1147 552 1193 inde
581 1160 673 1191 uno
698 1143 872 1207 agmine
892 1141 1166 1189 Phaselidem
1197 1158 1301 1188 cum
1331 1142 1478 1188 venis·

202 1226 328 1280 sent,
361 1220 584 1283 optimum
616 1216 761 1263 visum
789 1214 878 1272 est,
905 1213 969 1260 ibi
998 1213 1168 1260 hostem
1196 1213 1411 1275 opperiri.

207 1319 227 1329 *x
267 1295 432 1344 XXIII.
461 1296 512 1338 ln
543 1288 745 1339 confinio
767 1288 922 1352 Lyciae
943 1289 993 1335 &
1017 1286 1294 1350 Pamphyliae
1322 1287 1478 1334 Phase-

200 1369 258 1418 lis
287 1368 376 1415 est:
411 1364 638 1428 prominet
660 1361 837 1424 penitus
858 1360 904 1406 in
931 1360 1095 1417 altum,
1116 1358 1478 1422 conspiciturque

202 1442 349 1507 prima
376 1451 591 1485 terrarum
620 1435 832 1481 Rhodum
866 1450 891 1480 a
924 1433 1084 1480 Cilicia
1112 1432 1392 1496 petentibus,
1428 1434 1480 1480 &

203 1511 367 1578 procul
385 1510 567 1557 navium
589 1508 754 1571 praebet
782 1506 1080 1569 prospefium.
1113 1521 1169 1551 eo
1189 1505 1407 1564 maxime,
1428 1518 1479 1552 ut

201 1588 252 1634 in
285 1582 433 1631 obvio
467 1580 584 1628 claffi
621 1578 816 1625 hostium
845 1577 1009 1635 essent,
1043 1579 1204 1625 eleffiis
1240 1578 1369 1625 locus
1402 1577 1477 1624 est.

200 1664 442 1715 Ceterum,
475 1656 600 1718 quod
629 1671 725 1701 non
748 1654 1071 1717 providerunt,
1098 1656 1148 1701 &
1174 1654 1282 1700 loco
1319 1653 1478 1717 gravi,

202 1736 254 1781 ὃ(
278 1744 484 1792 tempore
515 1727 648 1784 anni,
683 1726 907 1787 (medium
940 1725 1247 1773 enimaestatis
1278 1728 1396 1786 erat)
1421 1725 1477 1771 ad

201 1807 294 1853 hoc
325 1802 509 1850 insolito
538 1802 681 1847 odore
711 1801 917 1863 ingruere
950 1798 1098 1846 morbi
1127 1799 1269 1863 vulgo
1288 1834 1302 1856 ,
1337 1797 1477 1845 maxi-

200 1897 273 1928 me
305 1879 352 1924 in
389 1875 604 1939 remiges,
637 1885 886 1938 coeperunt.
917 1873 1040 1936 cujus
1069 1872 1325 1936 pestilentiae
1353 1887 1477 1920 metu

199 1949 425 2017 profeffi,
465 1965 566 1995 cum
603 1948 1035 2010 praeterveherentur
1067 1946 1382 2009 Pamphylium
1418 1946 1475 1992 fi-

199 2040 342 2080 num,
379 2019 435 2067 ad
469 2019 858 2082 Eurymedontem
894 2034 1070 2065 amnem
1107 2017 1286 2080 appulsa
1320 2017 1476 2076 classe,

199 2095 388 2144 audiunt
421 2092 476 2139 ab
512 2091 743 2154 Aspendiis
763 2127 777 2150 ,
813 2091 868 2137 ad
901 2090 1046 2136 Sidam
1075 2089 1162 2151 jam
1195 2089 1342 2137 hostes
1377 2090 1474 2138 effe.

199 2167 393 2215 Tardius
419 2163 739 2227 navigaverant
765 2163 906 2226 regii,
935 2163 1123 2211 adverso
1150 2175 1350 2224 tempore
1372 2164 1474 2208 Ete-

201 2240 390 2296 siarum,
430 2237 554 2300 quod
582 2236 710 2283 velut
743 2235 901 2281 statum
935 2236 1147 2282 Favoniis
1182 2235 1326 2284 ventis
1356 2234 1474 2282 effer.

202 2312 487 2358 Rhodiorum
517 2310 614 2354 duze
634 2311 683 2356 δέ
708 2307 890 2372 triginta
924 2309 1254 2372 quadriremes,
1284 2310 1332 2355 &
1359 2324 1474 2371 qua-

201 2395 308 2431 tuor
333 2385 530 2434 triremes
555 2383 694 2434 fuere.
717 2383 856 2448 Regia
879 2383 1016 2435 ciariis
1037 2381 1201 2446 septem
1227 2379 1474 2444 &triginta
