1618 2715
241 126 1223 177 HisToalARuMLiss.xXXv11.
1298 142 1383 188 157

115 234 245 280 dente
264 269 276 290 ,
299 233 424 281 velut
444 248 573 277 manu
603 229 740 276 ferrea
766 227 947 289 inje&a‚
972 227 1175 290 alligavit
1204 229 1382 275 alterius

115 323 328 369 proram:
359 305 461 351 inde
492 304 683 350 tumultu
719 302 909 364 injecto,
942 317 1071 357 cum,
1106 300 1316 347 divellere
1341 302 1384 348 se

116 382 172 426 ab
192 380 314 425 hoste
333 378 560 441 cupientes
575 413 588 433 ,
616 377 864 422 inhiberent
884 375 1078 431 Rhodii,
1099 375 1284 420 tractum
1308 393 1387 421 an-

118 453 267 501 corale
289 455 336 500 &
363 451 627 514 implicitum
649 450 806 505 remis,
837 449 948 494 latus
973 448 1158 493 alterum
1188 448 1386 507 deterfit‚

121 529 170 573 &
194 527 463 573 debilitatam
494 543 542 571 ea
569 524 686 587 ipsa,
714 541 812 585 quae
837 524 919 568 iet-a
949 521 1214 580 cohaeserat,
1235 523 1386 570 navim

119 599 250 661 cepit.
281 600 384 645 Hoc
418 597 609 644 maxime
640 597 780 643 modo
815 595 869 642 acl
897 594 1204 658 Myonnesum
1235 595 1386 643 navali

121 670 291 734 proelio
317 683 559 734 pugnatum
588 670 662 718 est.

195 744 372 790 XXXI.
405 744 514 803 Quo
547 743 723 790 territus
754 740 1032 797 Antiochus,
1063 740 1162 805 quia
1182 777 1192 797 ‚
1224 741 1389 802 poss‘es-

120 815 245 864 sione
282 816 411 862 maris
447 816 627 878 pulsus,
669 815 917 878 longinqua
947 814 1059 859 tueri
1098 813 1321 859 diffidebat
1348 813 1390 859 se

121 889 245 952 posse
261 925 274 946 ,
296 888 543 951 praesidium
567 888 621 934 ab
646 886 922 950 Lysimachia
937 923 950 944 ‚
985 903 1040 932 ne
1060 885 1390 947 opprimeretur

122 962 187 1008 ibi
208 962 262 1009 ab
291 961 534 1018 Romanis,
566 960 723 1006 deduci
754 977 925 1021 praVO,
957 971 1005 1006 ut
1024 975 1092 1005 res
1119 959 1208 1021 ipsa
1240 959 1393 1021 postea

122 1035 308 1091 docuit,
344 1034 532 1081 consilio
553 1033 682 1094 juffit.
716 1050 808 1079 non
830 1032 948 1079 enim
974 1033 1088 1078 tueri
1117 1032 1257 1078 solum
1294 1036 1391 1097 Ly-

121 1109 374 1157 fimachiam
399 1127 420 1155 a
439 1109 584 1171 primo
606 1108 772 1170 impetu
797 1107 1106 1154 Romanorum
1134 1105 1259 1153 facile
1277 1119 1392 1155 erat:

123 1183 196 1230 sed
226 1183 502 1229 obsidionem
531 1181 658 1227 etiam
687 1198 765 1243 per
790 1193 930 1227 totam
954 1181 1144 1227 hiemem
1168 1180 1390 1238 tolerare,

123 1258 173 1303 &
195 1256 442 1303 obsidentes
463 1271 646 1318 quoque
674 1255 727 1301 ad
753 1254 950 1300 ultimam
979 1253 1177 1315 inopiam
1199 1253 1392 1299 adduce-

126 1345 173 1375 re
202 1328 475 1375 extrahendo
505 1340 676 1388 tempus
696 1363 711 1382 ‚
741 1328 787 1373 &
810 1326 987 1371 interim
1023 1325 1138 1388 spem
1172 1325 1292 1387 pacis
1315 1341 1393 1387 per

125 1402 383 1450 occasiones
414 1413 596 1446 tentare.
632 1401 727 1445 Nec
756 1398 1078 1462 Lysimachiam
1109 1411 1282 1444 tantum
1307 1398 1395 1444 ho·-v

127 1475 261 1521 stibus
287 1473 467 1519 tradidit
488 1471 585 1534 post
606 1470 828 1517 adversam
848 1471 1051 1516 navalem
1082 1486 1270 1532 pugnam
1285 1506 1299 1528 ,
1321 1469 1394 1515 sed

127 1547 260 1593 etiam
281 1543 570 1606 Colophonis
592 1543 824 1588 obsidione
844 1541 1040 1588 abscessit
1055 1578 1068 1598 ,
1093 1544 1142 1588 δέ
1156 1541 1308 1587 Sardes
1329 1557 1393 1586 re·

129 1620 249 1681 cepit
281 1619 351 1665 se:
388 1630 517 1679 atque
549 1616 649 1662 inde
685 1616 729 1661 in
767 1615 1098 1677 Cappadociam
1135 1615 1189 1660 ad
1221 1615 1396 1660 Ariara-

128 1692 234 1737 then
253 1724 266 1745 ,
296 1689 373 1751 qui
406 1688 566 1734 auxilia
597 1685 886 1743 arcesserent,
921 1686 970 1731 δε
1000 1701 1271 1748 quocunque
1305 1684 1394 1731 alio

128 1773 307 1826 poterat
324 1761 379 1806 ad
399 1760 549 1822 copias
577 1758 924 1812 contrahendas,
943 1756 990 1802 in
1008 1773 1148 1802 unum
1174 1755 1260 1817 jam
1282 1772 1395 1803 con-

129 1833 298 1889 filium,
319 1844 369 1878 ut
395 1831 488 1878 acie
515 1830 771 1887 dimicaret,
792 1829 1012 1887 intentus,
1041 1828 1169 1874 misit.
1199 1827 1398 1890 Regillus

133 1902 335 1953 AEmilius
351 1938 364 1959 ,
395 1901 493 1963 post
513 1902 746 1948 victoriam
774 1900 977 1948 navalem
1003 1899 1228 1963 profectus
1252 1901 1398 1962 Ephe-

136 1977 253 2033 sum,
289 1975 460 2022 direffis
495 1988 596 2021 ante
625 1987 805 2037 portum
840 1975 1065 2031 navibus,
1095 1990 1195 2020 cum
1225 1974 1400 2020 confes-

137 2049 308 2095 sionem
345 2048 537 2094 conceffi
566 2048 693 2094 maris
722 2048 922 2093 ultimam
957 2046 1075 2092 hosti
1105 2046 1400 2108 expreffiffet,

137 2121 303 2167 Chium
319 2155 333 2176 ‚
357 2137 450 2182 quo
480 2132 581 2165 ante
610 2120 768 2165 navale
791 2119 1000 2183 proelium
1035 2119 1206 2167 cursum
1226 2136 1249 2165 a
1268 2120 1401 2164 Samo

138 2194 419 2251 intenderat,
457 2194 647 2256 navigat.
688 2193 750 2239 ibi
787 2209 922 2241 naves
955 2192 1000 2238 in
1033 2193 1201 2255 proelio
1238 2191 1403 2255 quassa·

138 2279 204 2314 tas
235 2285 334 2313 cum
366 2266 607 2324 refecisset,
641 2268 689 2312 L.
711 2266 936 2312 AEmilium
956 2266 1169 2311 Scaurum
1200 2281 1303 2311 cum
1322 2263 1402 2309 tri-

141 2340 263 2403 ginta
282 2341 469 2386 navibus
491 2338 826 2400 Hellespontum
850 2339 903 2384 ad
921 2338 1164 2384 exercitum
1183 2337 1403 2399 trajicien-

144 2414 248 2460 dum
271 2413 410 2462 misit:
434 2413 631 2460 Rhodias
645 2448 660 2473 ,
690 2425 814 2475 parte
836 2411 995 2475 praedae
1017 2412 1067 2459 &
1085 2411 1236 2475 spoliis
1265 2428 1405 2459 nava·-
