1618 2715
224 102 313 149 180
579 101 1155 149 T1T1L1V11

216 207 533 273 quadringenti
554 206 722 270 equites
744 226 754 254 :
774 206 842 255 his
863 207 1008 268 copiis
1032 221 1083 255 ut
1101 208 1270 256 bellum
1293 226 1394 257 cum
1413 215 1508 259 An*-

219 281 379 327 tioc'no
415 293 600 344 gereret.
636 280 777 326 Alteri
813 279 988 327 consuli
1017 283 1242 328 exercitus
1262 318 1276 339 ,
1305 283 1382 346 qui
1414 296 1508 334 erat

218 355 266 402 in
285 356 449 404 AEtolia
464 391 477 413 ‚
499 355 561 401 est
592 356 824 410 decretus;
853 355 900 402 &
916 390 930 410 .,
953 367 1003 401 ut
1024 354 1380 418 supplementum
1401 355 1508 403 scri-

218 430 344 476 beret
357 465 370 487 ,
391 428 644 492 permissum
658 463 670 483 ‚
686 428 854 475 civium
873 426 1194 491 sociorumque
1212 430 1402 476 eundem
1421 447 1508 476 nu-

218 518 419 556 merum,
440 517 573 561 quem
598 499 787 562 collega.
823 516 962 546 naves
982 516 1164 563 quoque
1183 500 1300 548 idem
1326 501 1508 559 consul,

216 592 317 637 quae
349 572 503 635 priore
534 590 655 619 anno
690 585 851 633 paratae
884 584 1035 630 erant,
1068 590 1230 621 ornare
1264 573 1425 635 jussus,
1454 592 1506 622 ac

215 649 379 694 ducere
404 646 549 693 secum
571 664 581 692 :
606 662 688 692 nec
711 662 812 692 cum
838 645 1002 692 AEtolis
1026 645 1175 693 solum
1195 647 1359 695 bellum
1383 666 1508 712 gere-

214 738 294 778 re,
331 720 403 766 sed
438 719 570 764 etiam
607 717 655 764 in
689 717 1027 780 Cephalleniam
1064 719 1251 766 insulam
1287 718 1506 781 trajicere.

215 794 478 840 Mandatum
497 791 639 838 eidem
652 826 665 848 ,
687 802 737 836 ut
750 827 763 847 ‚
785 789 816 836 fi
839 807 917 853 per
934 791 1229 839 commodum
1248 793 1507 854 reipublicae

215 866 362 914 facere
390 864 558 928 poffet,
580 878 629 911 ut
654 864 708 910 ad
739 864 924 912 comitia
943 865 1135 913 Romam
1164 865 1342 913 rediret.
1375 884 1506 925 nam,

193 950 514 1002 ‚praeterquam
544 935 668 999 quod
688 934 964 999 magistratus
983 937 1122 983 annui
1151 937 1420 1002 subrogandi
1442 938 1508 984 es-

216 1014 341 1071 sent,
378 1011 583 1058 censores
620 1026 805 1076 quoque
839 1011 1016 1074 placere
1052 1013 1202 1059 creari.
1240 1013 1269 1059 si
1313 1031 1401 1078 qua
1435 1029 1506 1060 res

216 1103 321 1133 eum
350 1097 549 1139 teneret,
568 1084 762 1131 senatum
792 1083 1028 1131 certiorem
1058 1085 1248 1145 faceret,
1270 1087 1310 1133 se
1341 1088 1395 1134 ad
1426 1103 1505 1134 co-

217 1159 452 1206 mitiorum
483 1171 657 1220 tempus
688 1173 927 1204 occurrere
959 1174 1052 1204 non
1075 1158 1213 1221 posse.
1244 1161 1410 1208 AEtolia
1440 1164 1505 1209 M.

215 1233 416 1290 Fulvio,
451 1232 549 1279 Asia
583 1233 670 1279 Cn.
702 1232 878 1278 Manlio
917 1232 1034 1279 sorte
1076 1235 1242 1282 evenit.
1285 1237 1506 1283 Praetores

217 1307 377 1356 deinde
397 1305 542 1352 sortiti
561 1304 688 1361 sunt,
714 1305 787 1366 Sp.
808 1304 1059 1353 Postumius
1079 1306 1270 1355 Albinus
1288 1310 1505 1356 urbanam

217 1383 268 1430 &
288 1382 402 1429 inter
422 1380 712 1445 peregrinos,
741 1381 802 1425 M.
831 1380 1126 1443 Sempronius
1157 1383 1408 1431 Tuditanus
1436 1383 1506 1430 Si-

217 1455 366 1504 ciliam
384 1492 396 1514 ‚
425 1456 486 1515 Q.
511 1454 667 1500 Fabius
700 1453 850 1500 Pietor
880 1454 1040 1501 flamen
1070 1455 1322 1515 Quirinalis
1354 1459 1503 1505 Sardi-

215 1531 363 1587 niam,
390 1530 450 1588 Q.
490 1528 645 1575 Fabius
677 1528 826 1574 Labeo
856 1527 1029 1575 classem
1041 1522 1138 1587 ,'L.
1171 1531 1370 1578 Plautius
1402 1534 1502 1596 Hy-

215 1601 357 1664 psaeus
375 1600 631 1663 Hispaniam
663 1599 919 1647 citeriorem
934 1637 948 1659 ,
971 1603 1017 1647 L.
1046 1602 1219 1648 ssaebius
1249 1604 1397 1649 Dives
1417 1604 1502 1650 Hi-

215 1673 412 1737 spaniam
449 1674 726 1720 ulteriorem.
768 1673 932 1719 Siciliae
966 1675 1086 1737 legio
1115 1693 1203 1722 una
1238 1677 1286 1723 &
1328 1677 1501 1734 claffis,

217 1764 316 1811 quae
340 1747 386 1793 in
412 1763 461 1794 ea
489 1746 729 1809 provincia
761 1758 879 1805 erat,
903 1747 1105 1805 decreta;
1125 1750 1175 1796 &
1203 1761 1253 1795 ut
1283 1749 1387 1796 duas
1421 1751 1501 1797 de-

218 1835 371 1866 cumas
402 1818 617 1865 frumenti
653 1834 805 1863 novus
839 1833 1006 1881 praetor
1037 1820 1273 1882 imperaret
1314 1822 1502 1882 Siculis,

216 1909 366 1939 earum
390 1891 571 1938 alteram
600 1892 646 1937 in
673 1891 844 1950 Asiam,
877 1892 1055 1939 alteram
1087 1892 1134 1938 in
1159 1893 1369 1941 AEtoliam
1394 1895 1501 1942 mit-

215 1976 344 2011 teret.
373 1963 491 2011 Idem
517 1965 571 2009 ab
599 1962 745 2009 Sardis
767 1964 913 2027 exigi,
940 1978 1072 2028 atque
1093 1965 1148 2012 ad
1167 1965 1344 2012 eosdem
1370 1983 1501 2013 exer-

198 2037 332 2086 citus
368 2035 413 2082 id
443 2035 748 2092 frumentum,
777 2038 831 2083 ad
859 2054 978 2100 quos
1008 2038 1207 2085 Siculum
1226 2075 1239 2097 ,
1270 2039 1498 2101 deportari

212 2109 388 2173 jussum.
424 2112 470 2158 L.
496 2110 650 2156 Baebio
683 2109 1038 2173 supplementum
1059 2112 1105 2157 in
1134 2113 1388 2174 Hispaniam
1418 2115 1498 2160 da-

213 2194 308 2228 tum
340 2181 461 2229 misse
497 2183 692 2229 Romani
725 2184 922 2246 pedites,
950 2185 1120 2249 equites
1152 2186 1498 2250 quinquaginta,

214 2257 264 2302 &
287 2254 359 2301 sex
382 2255 518 2302 nimia
539 2257 736 2317 peditum
759 2258 905 2304 Latini
926 2259 1150 2317 nominis,
1169 2259 1350 2306 ducenti
1369 2260 1496 2323 equi·

213 2340 293 2375 tes.
321 2328 496 2375 Plautio
521 2329 721 2392 Hypsaeo
744 2329 790 2375 in
813 2330 1069 2393 Hispaniam
1093 2330 1348 2378 citeriorem
1373 2331 1495 2379 mille

213 2399 409 2447 Romani
439 2400 530 2448 dati
551 2401 648 2449 sunt
669 2401 860 2465 pedites,
879 2405 972 2451 duo
993 2396 1131 2450 millia
1150 2402 1323 2451 socifitn
1342 2403 1489 2451 Latini
