1618 2715
159 86 252 139 ηε
509 48 1075 131 T1T1L1vx11

156 192 282 244 'hensi
302 209 463 258 genere
485 190 729 255 pugnae‚in
745 191 870 255 quod
890 190 1074 238 minime
1090 190 1182 255 apti
1201 191 1311 238 sunt.
1333 187 1463 240 Nam*

155 266 549 331 quemadmodum
580 264 817 322 cominus,
850 263 931 310 ubi
961 263 1160 312 invicem
1191 264 1283 328 pati
1313 265 1361 312 &
1384 264 1456 310 'in-

157 342 277 390 serre
300 341 489 388 vulnera
509 340 638 398 licet,
657 339 863 387 accendit
882 338 946 385 ira
964 339 1141 388 animos
1163 356 1350 396 eorum3
1370 338 1456 397 ita,

159 414 240 462 ubi
263 430 320 460 ex
346 413 535 460 occulto
555 414 604 460 δέ
628 412 791 475 procul
811 411 993 459 levibus
1011 412 1109 459 telis
1134 412 1454 469 vulnerantur,

155 504 273 546 nec,
305 503 397 549 quo
426 498 557 532 mant
589 502 714 532 caeco
744 485 944 548 impetu,
972 484 1165 543 habent,
1193 484 1323 533 velut
1348 483 1456 530 fcrae

156 557 387 607 transfixa:
412 564 460 604 in
481 557 586 605 suos
606 570 773 604 temere
795 559 1048 605 incurrunt.
1081 558 1336 621 Detegebat
1352 556 1457 605 vul-

157 650 269 681 nera.
294 648 452 678 eorum
471 668 484 689 ‚
516 631 642 694 quod
671 630 783 677 *nudi
814 642 1043 694 pugnant,
1072 631 1123 679 &
1156 630 1258 677 sunt
1284 630 1376 678 fusa
1407 632 1459 679 δε

150 707 353 755 vcandida
379 722 576 769 corpora
594 741 606 764 ‚
637 718 689 752 ut
706 710 806 770 quae
829 722 1061 769 nunquam
1078 741 1092 763 ‚
1114 704 1196 750 nisi
1217 704 1262 750 in
1284 720 1456 768 pugna,

155 781 414 830 nudentur:
447 781 502 826 ita
529 781 579 827 &
599 780 698 841 plus
727 779 949 842 sanguinis
976 795 1000 825 e
1029 779 1169 825 multa
1191 794 1323 825 carne
1353 777 1457 823 fun-

161 856 371 908 debatur,
403 857 453 902 ὃς
488 854 705 901 foediores
742 853 953 916 patebant
990 852 1161 916 plagae,
1200 853 1250 899 &
1284 851 1458 899 candor

160 945 413 990 corporum
451 927 589 990 magis
625 926 836 990 sanguine
872 942 971 972 atro
1012 924 1332 973 maculabatur.
1373 921 1460 969 Sed

162 1017 260 1048 non
281 1013 370 1046 tam
401 1000 658 1063 patentibus
680 998 818 1063 plagis
838 1009 1102 1045 moventur.
1137 996 1360 1043 interdum
1386 995 1460 1042 in-

160 1075 274 1122 secta
296 1085 397 1120 cute
408 1110 422 1131 ,
445 1074 526 1120 *ubi
546 1072 683 1120 latior
697 1109 709 1131 ‚
731 1089 868 1136 quam
889 1071 1051 1128 altior,
1071 1070 1197 1134 plaga
1216 1069 1306 1129 est,
1324 1070 1460 1117 etiam

156 1150 402 1217 gloriosius
439 1149 481 1196 se
513 1164 708 1212 pugnare
738 1158 911 1210 putant.
944 1144 1081 1192 Iidem
1100 1179 1113 1203 ‚
1150 1160 1252 1191 cum
1279 1142 1460 1190 aculeus

163 1225 427 1288 sagittae‘aut
448 1222 643 1287 glandis,
670 1221 833 1268 abditae
852 1218 1071 1266 introrsus
1086 1255 1101 1276 ,
1123 1218 1249 1264 tenui
1269 1217 1460 1264 vulnere

160 1295 210 1346 in
237 1296 432 1359 speciem
459 1295 576 1351 urit,
598 1296 648 1342 &
671 1293 915 1341 scrutantes
931 1327 946 1349 ‚
969 1308 1069 1355 quae
1087 1290 1257 1339 vellant
1273 1326 1287 1349 ‚
1316 1289 1462 1336 telum

159 1388 261 1417 ‚non
282 1369 512 1433 sequitur3
534 1381 626 1414 tum
643 1402 657 1425 ,
675 1366 726 1413 in
748 1366 916 1412 rabiem
936 1365 986 1412 &
1003 1365 1225 1428 pudorem
1243 1361 1333 1408 tam
1355 1376 1463 1423 par-

162 1460 239 1490 vae
257 1441 520 1502 perimentis
542 1439 671 1499 pestis
691 1439 833 1494 versi»,
850 1437 1144 1501 prosternunt
1162 1449 1358 1496 corpora
1378 1433 1474 1478 hu-‘

113 1509 116 1510 ⁷
162 1516 250 1573 mi,
272 1515 331 1561 fic
350 1525 399 1560 ut
416 1513 571 1575 paffim
592 1509 958 1574 procumberent.
976 1507 1089 1567 Alii,
1109 1520 1290 1555 ruentes
1308 1507 1354 1553 in
1376 1507 1463 1552 ho-

164 1591 309 1644 stem,
329 1588 529 1649 undique
548 1582 916 1648 configebantur:
937 1583 1010 1635 &‚
1033 1598 1135 1628 cum
1155 1579 1363 1628 cominus
1383 1594 1464 1626 ve·-

164 1675 346 1718 nerant,
366 1661 519 1726 gladiis
541 1678 564 1707 a
588 1659 801 1708 velitibus
829 1655 1181 1704 trucidabantur.
1213 1652 1299 1699 Hic
1331 1651 1463 1699 miles

160 1732 431 1798 tripedalem
455 1748 651 1795 parmam
672 1730 832 1783 habet,
856 1730 906 1775 &
925 1728 971 1773 in
992 1727 1147 1773 dextra
1167 1723 1334 1781 hastas,
1355 1722 1464 1786 qui-

165 1810 252 1856 bus
284 1806 457 1854 eminus
491 1805 649 1852 utitur.
682 1803 832 1868 gladio
871 1799 1149 1864 Hispaniensi
1181 1798 1244 1845 est
1275 1797 1472 1846 cincius.>

166 1882 294 1947 quod
324 1882 354 1928 fi
381 1880 493 1944 pede
527 1879 699 1927 collato
728 1876 1020 1942 pugnandum
1050 1873 1141 1930 est,
1172 1871 1391 1921 translatis
1413 1872 1463 1918 in

164 1957 333 2004 laevam
374 1953 535 2013 hastis,
567 1952 742 2017 stringit
780 1951 993 2016 gladium.
1032 1947 1168 1995 Pauci
1205 1945 1464 2010 supererant

168 2029 259 2093 jam
294 2027 552 2074 Gallorum.
593 2025 710 2088 qui,
742 2024 979 2088 postquam
1017 2021 1072 2069 ab
1103 2018 1209 2068 laevi
1240 2029 1465 2065 armatura

169 2103 403 2166 superatos
429 2100 471 2147 se
504 2099 745 2157 viderunt,
776 2099 826 2145 δέ
862 2096 1019 2144 instare
1052 2093 1282 2158 legionum
1314 2090 1465 2153 signa,

169 2176 308 2223 effusa
341 2175 448 2239 fuga
482 2173 620 2222 castra
660 2182 901 2235 repetunt,
930 2167 1115 2232 pavoris
1157 2167 1209 2214 &
1245 2163 1464 2211 tumultus

168 2248 259 2312 {am
278 2249 437 2312 plena:
459 2260 508 2294 ut
527 2246 602 2293 ubi
627 2244 830 2300 feminae,
856 2242 1078 2307 puerique
1093 2276 1106 2297 ,
1130 2241 1178 2287 &
1196 2237 1279 2284 alia
1300 2235 1466 2281 imbel-

169 2323 226 2368 lis
259 2322 389 2367 turba
427 2320 648 2382 permixta
675 2317 792 2364 esset.
826 2318 1063 2363 Romanos
1085 2313 1279 2365 victores
1304 2306 1463 2358 deserti

171 2393 278 2458 fuga
311 2393 507 2441 hostium
527 2401 800 2457 acceperunt
819 2388 998 2440 tumuli.
