1618 2715
312 147 854 196 HISTORIARUM
892 151 1020 197 LIB.
1050 151 1148 199 XL.
1312 167 1400 214 401

121 255 171 302 &
190 252 311 302 cives
326 255 558 301 Romanos
578 254 666 302 dici
685 257 910 320 Corcyrae
929 256 1122 303 retineri.
1141 260 1232 306 Eos
1248 277 1407 312 omnes

121 328 317 375 Romam
336 328 504 375 adduci
522 330 718 392 placuit:
736 332 789 378 C.
803 331 1041 378 Claudium
1068 348 1306 395 praetoreni
1327 356 1408 386 co-

119 402 334 464 gnoscere
354 419 526 465 :neque
546 419 647 450 ante
673 404 845 450 Gentio
867 405 962 469 regi
987 405 1200 469 legatisve
1218 409 1311 471 ejus
1332 431 1406 460 re.-

119 475 333 537 sponsum
366 476 504 522 reddi.
536 479 655 523 Inter
674 475 841 523 multos
861 479 974 524 alios
989 515 1001 531 ,
1021 497 1136 543 quos
1156 483 1405 544 pestilentia,

120 548 214 609 ejus
236 549 340 595 anni
360 548 583 607 absumsit,
606 550 859 598 sacerdotes
885 569 1070 615 quoque
1088 554 1263 618 aliquot
1282 577 1409 607 mor-

119 623 186 667 tui
214 621 326 668 sunt.
361 625 408 669 L.
430 623 636 669 Valerius
664 625 845 671 Flaccus
870 625 1074 686 pontifex
1093 642 1297 678 mortuus
1318 634 1407 681 est:

120 693 166 740 in
187 695 278 756 ejus
299 696 449 742 locum
470 696 673 743 suffes‘Dtus
694 697 752 743 est
771 699 830 758 Q.
848 699 1008 745 Fabius
1030 702 1190 748 Labeo.
1209 705 1255 751 P.
1273 707 1407 753 Man-

119 766 223 822 lius,
239 767 316 830 qui
333 786 475 830 nuper
496 787 549 814 ex
572 770 788 816 ulteriore
806 772 1014 832 Hispania
1035 775 1239 853 redierat,
1258 779 1408 827 trium-

119 837 196 883 vir
215 839 382 901 epulo.
408 842 465 899 Q
488 841 669 888 Fulvius
691 845 753 888 M.
773 845 816 890 Ρ.
840 844 883 888 in
910 846 1059 891 locum
1083 846 1175 906 ejus
1195 850 1408 899 triumvir

121 923 397 972 cooptatus,
415 924 509 956 tum
534 926 822 974 praetextatus
852 929 959 963 erat.
984 918 1059 963 De
1079 936 1180 981 tege
1206 921 1409 971 sacrifico

121 979 424 1028 sufficiendo
414 1000 460 1028 m
492 984 642 1031 locum
681 993 717 1030 k
725 1004 762 1030 n.
785 988 991 1034 Cornelii
1011 991 1267 1038 Dolabellae
1290 1013 1408 1043 con-

120 1042 268 1098 teritio
293 1054 409 1098 inter
435 1057 486 1100 C.
510 1057 748 1104 Servilium
773 1057 1034 1118 pontificem
1058 1065 1301 1113 maximum
1324 1069 1409 1118 fuit

120 1125 171 1172 &
202 1127 248 1171 L.
282 1126 550 1174 Cornelium
586 1130 872 1175 duumviruv
908 1151 929 1176 ι
937 1133 1137 1180 avaleni
1128 1155 1322 1199 ‚‚quem
1356 1155 1410 1190 ut

120 1197 428 1261 inaugurar‚et
445 1195 656 1260 pontifex
678 1202 927 1265 magistratu
945 1203 1031 1270 sete
1053 1172 1259 1254 abdicare
1281 1211 1410 1268 jube.

119 1270 209 1318 bat.
226 1271 535 1336 recusantique
552 1274 595 1319 id
611 1275 757 1321 facere
775 1275 837 1321 ob
852 1292 947 1321 eam
966 1294 1057 1323 rem
1074 1281 1235 1327 mulera
1251 1283 1407 1332 duum-

121 1343 228 1390 viro
251 1343 361 1390 dicia
381 1362 404 1391 a
431 1346 672 1407 pontifice;
703 1350 845 1412 deque
866 1367 916 1396 ea
932 1388 944 1409 ,
969 1369 1069 1397 cum
1094 1359 1411 1440 provocasset,

120 1429 337 1465 certatum
359 1419 413 1464 ad
434 1420 667 1481 populum.
698 1439 797 1467 cum
818 1423 998 1484 plures
987 1443 1075 1485 Jam
1096 1429 1262 1486 trib118‚
1283 1432 1409 1482 intro

122 1501 330 1547 vocatae,
351 1490 467 1536 dicto
487 1492 570 1537 effe
590 1493 841 1539 audientem
862 1498 1005 1556 pont³=
985 1495 1069 1543 tici
1090 1500 1410 1566 duumvirum,

121 1558 351 1622 juberent;
374 1561 670 1626 mulctamque
693 1566 884 1621 remitti,
902 1567 932 1612 fi
954 1569 1203 1631 magistratu
1224 1575 1265 1619 se
1281 1577 1409 1623 abdi-

124 1632 285 1678 caffet
274 1665 288 1686 ‚
311 1633 519 1681 ultimum
548 1636 601 1682 de
631 1637 752 1683 coelo
771 1674 784 1695 ,
807 1640 933 1700 quod
961 1642 1147 1689 comitia
1179 1649 1408 1710 turbaret,

122 1705 385 1755 intervenit.
423 1709 580 1772 religio
616 1711 720 1757 inde
757 1712 845 1759 fuit
891 1728 1035 1775 pout,
1011 1714 1227 1764 ³'ficibus
1216 1687 1408 1787 11131101ιί

123 1779 252 1826 randi
269 1780 538 1829 Dolabellae.
557 1784 602 1828 P.
621 1784 834 1830 Cloelium
854 1786 1079 1834 Siculum
1072 1808 1412 1857 maugui·ai·,unt

122 1853 202 1914 qui
227 1851 424 1900 secundo
456 1854 566 1901 loco
600 1856 881 1920 inauguratus
918 1874 1025 1908 erat.
1058 1864 1193 1910 Exitu
1227 1869 1332 1914 anni
1361 1874 1411 1919 δε

123 1927 177 1972 C.
211 1926 429 1974 Servilius
463 1929 681 1976 Geminus
718 1932 859 1994 potis·
855 1951 893 1978 Χ
937 1936 1156 1983 maximus
1192 1941 1409 1994 deceffit:

123 1996 241 2045 idem
276 1998 506 2046 decemvir
536 2001 764 2051 sacrorum
795 2004 892 2051 fuit.
933 2008 1139 2066 pontifex
1175 2011 1220 2056 in
1254 2015 1409 2066 locum

123 2072 219 2133 ejus
247 2090 271 2119 a
301 2074 498 2139 collegio
531 2089 774 2140 cooptatus
804 2079 864 2125 est
898 2082 956 2139 Q.
982 2084 1165 2131 Fulvius
1195 2089 1409 2140 Flaccus:

125 2159 168 2193 at
187 2147 396 2210 pontifex
415 2150 634 2198 maximus
655 2153 718 2199 M.
735 2153 939 2199 AEmilius
957 2156 1163 2217 Lepidm,
1181 2177 1280 2205 cum
1302 2164 1410 2209 rnul-

124 2221 160 2268 ti
193 2223 300 2268 clari
333 2223 421 2269 viri
457 2225 701 2287 petiffent:
738 2228 787 2274 &
819 2228 1050 2276 decemvir
1082 2231 1308 2280 sacrorum
1346 2237 1409 2297 Q.

126 2297 323 2343 Marcius
349 2298 577 2361 Philippus
599 2299 645 2347 in
669 2300 862 2362 ejusdem
892 2306 1041 2348 locum
1066 2304 1126 2350 est
1154 2322 1408 2369 cooptatus.

126 2360 184 2416 Et
209 2389 346 2435 augur
370 2374 441 2436 Sp.
463 2375 717 2422 Postumius
744 2377 931 2422 Albinus
964 2378 1154 2427 decessit.
1185 2382 1231 2428 in
1253 2384 1408 2432 locum

123 2443 221 2506 ejus
248 2447 293 2492 P.
322 2446 579 2509 Scipionem
600 2485 613 2505 ,
639 2447 782 2498 filium
811 2449 1044 2512 Africani,
1071 2470 1257 2516 augures
1293 2474 1406 2513 coos

195 2519 245 2566 T.
275 2519 369 2566 Liv.
395 2524 489 2568 Vol.
520 2524 599 2569 Vl.
1098 2527 1175 2573 CC
