1618 2715
218 112 315 156 ‚402
575 97 1147 146 TITILIVII

220 218 420 269 ptarunt.
442 206 660 253 Cumanis
680 222 737 251 eo
751 222 873 252 anno
894 208 1150 268 petentibus
1172 207 1442 270 permistum,
1461 221 1513 256 ut

218 278 398 342 publice
426 278 582 324 Latine
615 278 941 340 loquerentur,
969 281 1018 326 &
1047 280 1334 341 praeconibus
1358 282 1512 328 Latine

220 350 452 399 vendendi
486 349 556 411 jus
588 350 707 397 effet·

284 426 440 471 XL111.
469 422 635 470 Pisanis
670 440 826 487 agrum
857 421 1210 486 pollicentibus,
1232 444 1325 489 quo
1356 427 1513 474 Latina

219 497 407 546 colonia
433 498 753 554 deduceretur,
780 497 930 561 gratiae
950 498 1005 543 ab
1029 497 1183 545 senatu
1199 501 1318 547 affin.
1351 500 1514 547 trium-

219 570 313 616 viri
343 570 475 615 creati
505 569 560 615 ad
592 586 689 614 eam
719 585 811 614 rem
840 569 900 627 Q.
922 569 1083 616 Fabius
1105 572 1276 627 Bute0‚
1295 574 1358 620 M.
1384 574 1434 619 ὅ(
1465 574 1514 621 Ρ.

215 642 406 704 Popillii
432 643 646 688 Laenates.
669 643 710 687 -A
740 641 793 687 C.
812 640 983 687 Maenio
1009 655 1203 704 praetore
1244 643 1379 707 (cui,
1400 661 1514 708 pro-

219 716 374 765 vincia
409 715 611 761 Sardinia
643 732 746 761 cum
786 712 1024 772 evenisset,
1056 716 1259 762 additum
1303 730 1426 776 erat,
1462 730 1513 764 ut

217 802 440 852 quaereret
460 789 514 834 de
534 786 770 835 veneficiis
790 787 974 851 longius
991 787 1046 833 ab
1071 789 1180 835 urbe
1201 791 1354 836 decem
1372 791 1513 836 milli-

219 864 304 911 bus
328 862 558 927 paffuum)
581 862 721 907 literae
742 861 885 907 allatae
901 897 914 918 ,
934 863 1091 918 Sejam
1111 866 1198 908 cria
1216 868 1353 911 millia
1375 868 1515 911 homi-

216 958 321 985 num
343 934 582 999 clamnaffe,
606 934 648 982 δ’
666 935 920 999 crescerestbi
940 937 1193 1002 quaestiotz‘em
1216 940 1401 982 indiciis.
1439 955 1514 983 auc

217 1030 308 1056 eam
320 1011 409 1075 sthi
428 1009 501 1071 effi
521 1010 781 1068 deserendam
797 1043 810 1064 ‚
835 1025 907 1053 aut
923 1011 1189 1068 provinciam
1211 1012 1514 1058 dimittendam.

218 1084 282 1142 Q.
303 1080 490 1128 Fulvius
520 1079 706 1125 Flaccus
731 1095 787 1124 ex
808 1078 1021 1139 Hispania
1047 1078 1176 1124 rediit
1197 1081 1390 1126 Romam
1411 1096 1514 1128 cum

218 1169 378 1214 magna
406 1152 525 1197 fama
556 1150 776 1213 gestarum
807 1166 982 1208 rerum,
1008 1150 1116 1213 qui,
1145 1168 1247 1197 cum
1279 1164 1405 1198 extra
1439 1171 1515 1199 ur-

217 1224 323 1270 bem
354 1220 576 1284 triumphi
611 1221 739 1268 causa
770 1221 901 1278 esset,
926 1221 1084 1268 consul
1114 1222 1176 1268 est
1205 1236 1378 1270 creatus
1409 1242 1513 1273 cum

217 1296 270 1344 L.
294 1296 470 1342 Manlio
500 1295 726 1351 Acidino3
748 1296 798 1342 δέ
824 1296 924 1358 post
953 1312 1121 1358 paucos
1148 1297 1241 1343 dies
1269 1315 1371 1344 cum
1394 1299 1515 1345 mili-

217 1370 366 1427 tibus,
400 1385 516 1432 quos
552 1367 699 1415 secum
736 1369 1007 1427 deduxerat,
1041 1369 1322 1433 triumphans
1356 1372 1512 1418 urbem

219 1440 283 1487 cst
307 1441 529 1486 inveffils.
547 1439 676 1487 Tulit
695 1439 743 1485 in
762 1439 995 1502 triumpho
1019 1457 1215 1488 coronas
1238 1459 1390 1489 aureas
1409 1460 1516 1513 een-

219 1526 316 1561 tum
342 1512 509 1578 viginti
534 1526 732 1577 quatuor
753 1529 763 1558 :
787 1525 999 1575 praeterea
1026 1514 1122 1560 auri
1143 1515 1302 1577 pondo
1332 1515 1514 1578 triginta

221 1606 391 1644 unum3
414 1589 464 1635 &
482 1587 637 1651 signati
656 1585 864 1634 Oscensis
884 1588 1120 1634 nummum
1141 1602 1321 1635 centum
1338 1589 1515 1652 septua-

220 1663 346 1727 ginta
366 1662 451 1708 tria
473 1661 610 1707 millia
631 1661 867 1709 ducentos.
890 1661 1112 1708 Militibus
1133 1662 1186 1707 de
1208 1661 1359 1724 praeda
1377 1663 1513 1724 quin—

221 1750 456 1800 quagenos
498 1734 708 1781 denarios
746 1735 896 1793 dedit,
935 1735 1103 1797 duplex
1143 1735 1514 1793 centurionibus,

220 1807 389 1869 triplex
416 1806 587 1869 equiti,
605 1807 869 1853 tantundem
897 1806 1029 1853 sociis
1047 1807 1196 1853 Latini
1221 1806 1444 1868 nominis,
1463 1810 1515 1857 δι

221 1879 494 1944 stipendium
522 1880 735 1927 omnibus
763 1880 945 1942 duplex.

287 1955 451 2001 XLIV.
479 1955 550 2001 Eo
579 1971 702 2001 anno
727 1954 910 2017 rogatio
940 1954 1139 2016 primum
1167 1955 1255 2002 lata
1281 1954 1344 2002 est
1375 1956 1431 2002 ab
1462 1958 1513 2004 L.

220 2027 365 2076 Villio
387 2027 573 2074 tribuno
592 2028 732 2090 plebis
747 2064 761 2086 ‚
776 2040 890 2091 quot
908 2044 1054 2073 annos
1071 2027 1164 2073 nati
1181 2044 1405 2092 quemque
1422 2047 1513 2075 ma-

220 2101 450 2166 gistratum
476 2113 680 2163 peterent
702 2114 1017 2164 caperentque.
1050 2101 1154 2147 inde
1175 2118 1432 2165 cognomen
1451 2101 1514 2147 fa-

222 2173 360 2221 miliae
388 2173 578 2220 inditum
595 2209 609 2232 ,
629 2186 680 2220 ut
701 2173 897 2220 Annales
919 2173 1265 2237 appellarentur.
1291 2175 1511 2221 Praetores

222 2259 418 2310 quatuor
441 2247 543 2309 post
564 2248 732 2293 multos
752 2264 897 2295 annos
922 2247 1017 2310 lege
1046 2247 1194 2292 Baebia
1222 2245 1386 2303 creati,
1409 2263 1511 2309 quae

222 2318 405 2364 alternis
425 2330 669 2381 quaternos
688 2317 872 2379 jubebat
890 2317 1043 2365 creari.
1074 2317 1119 2362 hi
1138 2316 1262 2373 faffi,
1283 2317 1369 2362 Cn.
1394 2317 1511 2362 Cor-

220 2391 369 2441 nelius
389 2391 546 2455 Scipio
559 2425 575 2452 ‚
594 2393 650 2440 C.
669 2391 875 2439 Valerius
899 2392 1132 2450 LaevinuS‚
1154 2391 1216 2450 Q,
1235 2390 1282 2437 δι
1302 2391 1349 2437 Ρ.
1368 2389 1511 2438 Mucii
