1618 2715
183 103 243 150 82
548 103 1109 155 T1T1L1V11

182 211 271 259 fide
290 210 601 270 continuisset,
621 213 792 261 veritus
813 231 869 260 ne
888 215 1136 264 traderetur
1152 216 1360 282 Philippo
1379 219 1473 282 jam*

181 287 353 351 pridem
373 287 489 334 hosti
505 325 519 345 ‚
544 289 593 335 ὅ(
616 287 833 334 Romanis
858 289 1021 336 merito
1047 302 1154 338 tunc
1180 306 1367 356 propter
1390 295 1472 342 de·

182 360 425 408 feclionem
458 361 667 418 infensis,
699 377 801 408 cum
832 361 1030 426 conjuge
1060 380 1109 412 ac
1143 365 1294 413 liberis
1326 384 1472 432 regno

181 435 392 492 exceffit,
415 434 790 498 Ambraciamque
817 433 860 481 se
880 435 1090 483 contulit.
1119 436 1177 483 ita
1198 439 1473 495 Athamania

182 507 333 554 omnis
359 506 403 552 in
424 506 492 567 jus
520 506 830 570 ditionemque
854 507 1047 572 Philippi
1078 512 1306 559 conceffit.
1335 514 1469 560 Con-

179 578 272 636 sul,
301 578 357 625 ad
383 577 623 626 reficienda
644 579 839 626 maxime
869 578 1100 641 jumenta,
1122 598 1224 646 quae
1255 586 1306 632 &
1333 583 1470 631 navi·

179 652 386 714 gastone,
412 654 460 700 &
492 652 646 716 postea
673 652 907 700 itineribus
930 652 1111 717 fatigata
1134 667 1279 712 erant,
1301 672 1471 719 paucos

179 723 356 770 Lariffae
376 738 576 772 moratus
594 724 710 783 dies,
731 725 857 774 velut
876 739 1102 774 renovato
1123 727 1300 774 modica
1320 728 1470 791 quiete

178 798 382 845 exercitu
411 799 673 846 Cran‘onem
705 798 766 845 est
793 798 1058 863 progressus.
1089 798 1300 847 Venienti
1332 801 1472 847 Phar-

180 870 319 927 salus,
350 872 576 928 Scotuss‘a,
601 873 651 919 &
679 873 859 931 Pherae,
888 889 1077 937 quaeque
1101 872 1148 920 in
1178 873 1241 921 eis
1271 875 1471 937 praesidia

181 944 402 992 Antiochi
431 956 587 1002 erant,
619 945 854 992 deduntur.
885 962 940 992 ex
970 945 1023 992 iis
1053 947 1360 1010 interrogatis,
1388 948 1469 1011 qui

179 1034 361 1064 manere
381 1016 531 1083 secum
551 1019 747 1075 vellent,
769 1019 893 1065 mille
912 1020 1119 1066 volentes
1141 1021 1354 1084 Philippo
1379 1033 1472 1068 tra·-

182 1090 279 1138 dit:
300 1106 476 1139 ceteros
500 1092 692 1138 inermes
720 1092 1054 1139 Demetriadem
1076 1092 1275 1140 remittit.
1307 1096 1474 1141 Proerd

182 1181 286 1210 nam
315 1165 420 1212 inde
445 1164 645 1228 recepit,
664 1168 714 1213 &
740 1182 839 1228 quae
870 1166 988 1214 circa
1007 1182 1103 1212 eam
1134 1165 1307 1214 castella
1328 1181 1471 1214 erant.¹

180 1241 366 1288 Ducere
387 1252 479 1286 tum
508 1256 651 1302 porro
682 1240 729 1287 in
749 1239 890 1287 finum
913 1239 1165 1304 Maliacum·
1188 1241 1341 1303 coepit.
1374 1243 1474 1305 Ap·-

179 1314 520 1379 propinquante
551 1314 782 1373 faucibuS,
816 1312 947 1377 super
975 1329 1084 1377 quas
1118 1312 1186 1359 siti
1216 1314 1469 1364 Thaumaci

181 1388 284 1434 sunt
299 1423 314 1446 ,
335 1387 500 1434 deserta
520 1387 655 1444 urbe,
674 1386 884 1449 juventus
905 1385 1053 1432 omnis
1076 1397 1239 1433 armata
1265 1385 1396 1432 filvas
1417 1388 1470 1434 δε

181 1459 342 1505 itinera
364 1458 550 1516 insedit,
571 1459 621 1505 &
642 1458 688 1504 in
718 1475 876 1521 agmen
897 1459 1156 1505 Romanum
1186 1475 1242 1504 ex
1266 1456 1471 1521 superio·-

181 1532 306 1579 ribus
336 1532 450 1578 locis
478 1530 738 1579 incursavit.
768 1530 941 1578 Consul
978 1530 1126 1593 primo
1158 1530 1360 1587 mittere,
1388 1529 1470 1593 qui

182 1622 241 1651 ex
276 1605 540 1668 propinquo
576 1603 889 1666 colloquentes
920 1604 1193 1650 deterrerent
1226 1619 1304 1649 eos
1335 1620 1359 1650 a
1388 1603 1470 1653 tali

184 1679 339 1726 furore
360 1693 371 1722 :
394 1677 628 1741 postquam
647 1676 929 1739 perseverare
950 1676 996 1722 in
1016 1676 1199 1739 incepto
1221 1675 1363 1735 vidit,
1383 1676 1470 1722 tri-

181 1754 309 1801 buno
341 1769 443 1800 cum
475 1751 670 1797 duorum
695 1749 923 1814 {ignorum
953 1749 1168 1796 militibus
1191 1749 1470 1797 circummis-

184 1827 234 1874 so
253 1863 266 1884 ‚
291 1823 538 1873 interclufit
569 1824 624 1872 ad
657 1823 814 1870 urbem
840 1824 924 1870 iter
952 1824 1153 1880 armatis,
1184 1839 1467 1886 vacuamque·

187 1918 284 1948 earn
307 1899 438 1962 cepit.
470 1911 593 1955 tum,
622 1897 819 1944 clamore
844 1897 898 1943 ab
921 1907 1048 1960 tergo
1079 1907 1218 1958 captae
1239 1894 1359 1942 urbis
1384 1907 1470 1945 aua}

185 1972 313 2030 ditO,
340 1970 655 2035 refugientium
690 1968 888 2031 undique
917 1985 973 2014 ex
1005 1967 1129 2014 silvis
1157 1966 1467 2015 insidiatorum

186 2045 330 2092 caedes
358 2043 470 2090 faeta
494 2043 570 2091 est.
604 2045 644 2089 A
662 2040 936 2090 Thaumacis
962 2040 1103 2087 altero
1129 2039 1199 2085 die
1226 2039 1381 2087 consul
1409 2040 1466 2086 ad

185 2117 448 2182 Sperchium
487 2133 664 2164 amnem
707 2113 959 2179 pervenit:
995 2113 1097 2160 inde
1135 2114 1466 2178 Hypataeorum

184 2208 314 2256 agros
351 2190 562 2238 vastavit.

251 2267 357 2311 XV.
381 2266 498 2311 Cum
529 2263 626 2310 haec
651 2261 919 2327 agebantur,
946 2259 1158 2308 Chalcide
1188 2269 1280 2305 erat
1296 2257 1465 2304 Antio*

185 2338 323 2385 chus:
344 2339 445 2401 qui,
469 2336 558 2399 jam
586 2350 680 2383 tum
717 2351 931 2391 cernens,
954 2333 1067 2380 nihil
1095 2332 1135 2378 se
1167 2348 1224 2378 ex
1257 2330 1428 2378 Graecia
1446 2365 1463 2388 a

185 2421 348 2475 praeter
382 2424 559 2458 amoena
594 2407 811 2458 Chalcide
847 2408 1031 2456 hiberna
1072 2407 1122 2455 &
1156 2403 1343 2453 infames
1376 2419 1464 2461 nti-3
