1618 2715
190 107 280 153 ³16
540 100 1108 148 T1T1L1v11

187 211 316 275 fugit.
335 207 516 266 Livius,
536 206 845 270 indignatione
866 204 1098 262 accensus,
1117 203 1328 268 praetoria
1348 218 1463 251 nave

187 286 237 332 :in
276 282 423 330 hostes
458 281 613 329 tendit.
648 278 857 326 adversus
882 295 1016 342 quam
1044 280 1198 325 eadem
1232 278 1304 341 spe
1334 278 1464 335 duae,

186 375 290 421 quae
320 354 533 401 Punicam
563 368 696 399 unam
725 350 894 396 navem*
917 351 1329 409 circumvenerant,
1362 367 1466 398 cum

185 430 484 483 inferrentur,
506 425 736 472 demittere
755 424 803 468 in
832 440 990 486 aquam
1015 440 1162 471 remos
1194 425 1248 470 ab
1268 430 1465 485 utroque

188 503 325 549 latere
350 499 539 561 remiges
572 495 842 542 stabiliendae
866 494 993 542 navis
1015 494 1139 542 causa
1167 494 1282 556 jufiit
1298 531 1312 552 ‚
1342 495 1392 541 ὃς
1418 494 1465 540 in

188 572 476 621 advenientes
503 567 700 615 hostium
730 582 867 614 naves
889 565 1051 612 ferreas
1079 582 1237 613 manus
1253 566 1466 626 injicere,

185 648 263 704 &‚
284 645 360 692 ubi
386 659 578 707 pugnam
598 639 790 705 pedestri
806 638 991 686 fimilem
1016 638 1204 698 fec-isset,
1223 638 1466 685 meminisse

187 721 407 768 Romanae
434 715 641 771 virtutis,
665 731 748 761 nec
775 730 860 776 pro
881 712 988 759 viris
1014 712 1175 760 ducere
1198 713 1319 776 regia
1337 729 1466 758 man-

186 791 319 855 cipia.
347 788 476 836 Haud
502 788 640 851 paulo
664 786 863 844 facilius,
885 803 1019 849 quam
1046 796 1148 831 ante
1176 785 1275 831 duae
1304 801 1435 832 unam
1451 820 1468 844 ‚

187 878 298 914 tunc
319 881 407 910 una
435 863 539 908 duas
561 877 701 907 naves
727 858 1023 923 expugnavit,
1049 858 1271 921 cepi-tque.
1305 861 1358 904 Et
1377 857 1466 918 jam

187 937 341 987 classes
371 950 563 1000 >quoque
603 934 802 998 undique
843 943 1192 989 concurrerant,
1228 934 1278 978 &
1314 931 1467 994 paffim

188 1006 421 1075 per-mixtis
437 1005 629 1052 navibus
649 1004 940 1067 pugnabatur.
957 1006 1178 1050 Eumenes
1192 1038 1206 1060 ,
1224 1002 1302 1065 qui
1323 1014 1469 1048 extre-

188 1098 289 1132 mus
309 1077 544 1127 commiffo
569 1075 809 1124 certamine
826 1076 1095 1133 advenerat,
1117 1090 1166 1121 ut
1183 1074 1469 1121 animadver-

189 1158 247 1206 tit
270 1156 437 1202 laevum
465 1169 610 1200 cornu
628 1151 823 1198 hostium
844 1151 899 1198 ab
921 1150 1058 1197 Livio
1081 1149 1306 1196 turbatum
1320 1184 1336 1205 ,
1359 1150 1469 1196 dex-

187 1244 310 1280 trum
326 1227 439 1291 ipse,
459 1226 537 1273 ubi
557 1243 680 1289 aequa
698 1242 848 1289 pugna
871 1236 992 1282 erat,
1012 1223 1204 1271 invadit.

254 1302 399 1351 XLV.
419 1301 463 1348 N
467 1317 515 1348 ec
539 1300 598 1346 ita
615 1299 759 1346 multo
776 1298 880 1362 post
896 1297 1088 1362 primum
1107 1298 1161 1344 ab
1180 1298 1301 1346 laevo
1323 1314 1471 1348 cornu

188 1378 297 1442 'fuga
319 1375 479 1439 coepit.
508 1373 812 1438 Polyxenidas
834 1372 955 1419 enim
965 1406 982 1431 .,
1005 1383 1055 1418 ut
1070 1370 1250 1418 ‘virtute
1273 1372 1469 1420 militum

189 1451 309 1500 haud
347 1448 479 1496 dubie
514 1446 711 1508 superari
744 1445 786 1492 se
820 1445 967 1502 vidit,
1006 1444 1186 1492 sublatis
1221 1445 1467 1492 dolonibus

186 1525 327 1574 effuse
344 1523 498 1587 fugere
515 1520 729 1568 intendit:
749 1536 860 1567 mox
883 1519 1001 1565 idem
1022 1519 1098 1576 δε,
1123 1518 1200 1582 qui
1219 1536 1361 1582 prope
1383 1532 1470 1567 ter-

188 1617 286 1648 ram
304 1614 405 1645 cum
422 1599 620 1642 Eumene
641 1604 961 1640 contraxerant
983 1603 1230 1651 certamen,
1249 1592 1466 1643 fecerunt.

189 1668 388 1718 Romani
417 1670 466 1715 &
492 1670 738 1724 Eumenes,
759 1659 912 1729 quoad
942 1664 1139 1712 sufficere
1170 1666 1355 1729 remiges
1379 1684 1467 1729 po-

189 1750 404 1798 tuerunt,
430 1738 551 1798 &jn
579 1737 650 1800 spe
679 1749 805 1784 erant
830 1736 1017 1783 extremi
1041 1737 1226 1800 agminis
1249 1739 1465 1797 vexandi,

189 1815 293 1864 satis
331 1811 618 1878 pertinaciter
649 1811 788 1858 secuti
821 1809 933 1858 sunt.
975 1810 1208 1874 postquam
1244 1810 1468 1857 celeritate

187 1891 396 1946 navium,
425 1900 587 1951 utpote
625 1885 823 1945 levium,
858 1884 952 1932 suas
998 1896 1252 1932 commeatu
1289 1884 1468 1931 onustas

185 1965 311 2013 eludi
347 1963 505 2009 frustra
541 1962 772 2008 tendentes
807 1960 1049 2018 viderunt,
1079 1961 1256 2007 tandem
1289 1959 1472 2010 abstite÷

176 2049 322 2093 ·1runt;
345 2036 557 2082 tredecim
579 2035 716 2096 captis
739 2033 933 2080 navibus
966 2051 1067 2080 cum
1095 2033 1234 2079 milite
1257 2050 1307 2078 ac
1336 2032 1470 2078 remi-

189 2129 272 2176 ge,
309 2110 461 2156 decem
493 2108 711 2155 demersi&
754 2109 974 2153 Romanae
1006 2108 1144 2154 claffis
1178 2124 1266 2152 una
1302 2106 1468 2153 Punica

188 2182 349 2240 navis,
372 2181 416 2227 in
437 2180 584 2243 primo
612 2180 848 2228 cer-tamine
871 2181 925 2226 ab
947 2180 1114 2227 duabus
1134 2179 1465 2233 circumventa,

183 2255 335 2317 peri-it.
353 2253 656 2316 Polyxenidas
676 2269 770 2298 non
789 2252 911 2314 prius
925 2289 938 2309 ‚
954 2271 1087 2316 quam
1105 2253 1151 2298 in
1169 2263 1303 2313 portu
1324 2250 1470 2311 Ephe-

184 2324 244 2379 si,
271 2324 384 2387 fugae
415 2324 549 2371 finem
575 2323 695 2371 fecit.
722 2324 918 2370 Romani
949 2341 1004 2370 eo
1035 2323 1129 2381 die,
1156 2321 1275 2367 unde
1305 2321 1468 2384 egressa

190 2396 310 2460 regia
340 2398 478 2446 elassis
503 2410 625 2456 erat,
660 2398 950 2447 manserunt:
982 2397 1162 2461 postero
1195 2396 1265 2444 die
1296 2394 1466 2443 hostem
