1618 2715
176 116 236 166 88
528 99 1089 166 T1'T1L1v11

176 236 345 273 ceteras
388 224 543 288 copias
581 224 627 270 in
667 225 855 272 secunda
890 225 1001 274 acie.
1039 226 1339 285 Macedones,
1369 243 1459 291 pro

175 299 303 348 vallo
338 299 502 358 locati,
538 299 690 362 primo
727 298 858 347 facile
894 299 1159 348 sustinebant
1194 303 1460 361 Romanos,

176 383 398 418 tentantes
429 372 483 418 ab
511 371 637 417 omni
669 384 791 434 parte
823 373 997 419 aditus:
1021 374 1208 420 multum
1237 372 1460 432 adjuvan-

175 443 322 502 tibus,
343 438 418 506 qni
442 462 497 490 ex
515 444 623 505 loco
643 445 872 508 superiore
894 445 1067 504 fundis,
1089 447 1210 493 velut
1233 438 1459 503 nimbuni‘,

177 516 359 580 glandes
381 519 429 564 &
450 517 623 580 sagittas
646 518 771 564 simul
790 535 841 565 ac
861 516 1004 580 jacula
1029 519 1300 582 ingerebant.
1330 517 1460 564 dein-

177 588 234 634 de
249 625 261 645 ,
283 604 333 634 ut
364 588 536 649 major,
558 608 639 636 nec:
662 590 750 653 jam
777 592 1008 639 toleranda
1031 592 1099 638 vis
1124 591 1318 638 hostium
1340 588 1460 636 infe-

177 661 306 707 rebat
331 660 397 718 se,
419 662 529 724 pulsi
551 663 658 710 loco
682 663 797 710 intra
818 663 1116 722 munimenta,
1139 659 1359 710 subduffis
1383 678 1462 708 or-

178 731 382 790 dinibus,
406 735 745 782 concesserunt:
766 736 870 781 inde
890 752 947 781 ex
972 735 1094 783 vallo
1114 751 1255 797 prope
1277 734 1463 781 alterum

177 806 351 854 vallum
366 843 379 865 ,
403 807 533 855 hastis
554 827 645 872 prae
664 811 706 857 se
728 809 912 872 obieffis
928 847 940 869 ,
961 806 1179 857 feceru‘nf.
1207 811 1255 856 &
1278 809 1338 855 ita
1357 825 1462 855 mo-

181 880 281 925 dica
311 881 501 927 altitudo
523 883 632 929 valli
653 897 770 942 erat,
791 898 841 930 ut
868 885 916 931 &
945 882 1096 940 locum
1117 881 1389 945 superiorem
1409 881 1465 927 ad

179 954 469 1015 pugnandum
490 954 575 1000 suis
601 956 843 1018 praeberet,
863 958 911 1003 &
929 966 1116 1018 propter
1133 952 1466 1016 longitudinem

180 1025 403 1072 hastarum
424 1026 667 1088 subje6³mm
694 1028 877 1075 haberet
905 1028 1093 1075 hostem.
1122 1025 1282 1085 Multi,
1299 1039 1465 1073 temere

181 1097 422 1146 subeuntes
442 1100 637 1160 vallum,
655 1100 857 1149 transfixi
877 1101 1005 1148 sunt:
1031 1104 1080 1150 ὃς
1103 1111 1177 1147 aut
1197 1100 1379 1161 incepto
1400 1098 1465 1144 ir-

181 1173 274 1220 rito
305 1174 593 1234 receffiffent,
613 1188 688 1221 aut
710 1175 859 1239 plures
888 1174 1172 1232 cecidissent,
1201 1174 1246 1220 ni
1269 1175 1331 1218 Μ.
1352 1173 1466 1218 Por—

181 1247 280 1295 cius
309 1247 404 1294 ab
393 1265 502 1311 jugo
534 1249 832 1308 Callidromi,
861 1247 1037 1310 dejeffis
1062 1247 1165 1294 inde
1192 1245 1380 1303 AEtolis,
1416 1245 1467 1291 &

159 1331 163 1338 ¹
182 1338 345 1384 magna
363 1337 417 1368 ex
436 1333 561 1384 parte
586 1322 733 1380 caefis,
756 1321 999 1387 (incautos
1026 1319 1143 1366 enim
1165 1321 1213 1367 &
1232 1317 1469 1382 plerosque

184 1394 363 1456 sopitos
395 1393 703 1458 oppress'erat>
725 1393 855 1458 super
875 1393 1183 1441 imminentem
1201 1391 1349 1440 castris
1368 1388 1469 1438 col-⁴¹

184 1463 275 1511 lem
307 1482 469 1528 appari
476 1464 580 1511 iffet.

251 1538 381 1584 XIX.
420 1536 579 1585 Flacco
609 1552 704 1583 non
740 1537 893 1583 eadem
927 1536 1109 1584 fortuna
1139 1535 1194 1582 acl
1224 1533 1472 1583 Tichiunta

185 1609 238 1655 &
268 1609 600 1667 Rhoduntiam,
634 1609 933 1672 nequidquam
965 1608 1110 1655 subire
1137 1608 1191 1653 ad
1221 1622 1269 1652 ea
1296 1604 1471 1651 castella

187 1689 359 1728 conato
376 1717 390 1740 ,
421 1681 580 1729 fueran
615 1682 916 1739 Macedones,
945 1680 1113 1745 quique
1142 1678 1215 1725 alii
1244 1677 1290 1722 in
1322 1675 1471 1723 castris

186 1756 319 1820 regiis
350 1772 477 1803 erant
491 1794 502 1814 ,
520 1756 698 1819 primo,
718 1756 821 1802 dum
843 1755 1005 1819 procul
1037 1753 1150 1800 nihil
1170 1751 1288 1799 aliud
1303 1787 1316 1808 ,
1335 1767 1470 1814 quam

186 1830 317 1877 turha
348 1830 397 1876 ὃς
428 1846 616 1892 agmen,
643 1828 907 1891 apparebat,
930 1825 1108 1875 AEtolos
1137 1826 1340 1882 credere,
1372 1823 1470 1871 visa

188 1901 353 1967 procul
387 1918 559 1964 pugna,
592 1901 783 1948 subsidio
818 1900 989 1949 venire.
1036 1915 1258 1953 ceterum,
1292 1908 1341 1943 ut
1374 1896 1470 1959 pri-

167 1995 169 1997 ·
188 1992 314 2023 mum
335 1973 545 2037 signaque
567 1975 615 2021 &
638 1990 755 2020 arma
776 1989 830 2019 ex
858 1972 1124 2035 propinquo
1143 1970 1322 2034 cognita
1341 1983 1471 2014 erro-

188 2064 286 2094 rem
313 2059 611 2110 aperuerunt,
640 2060 789 2093 tantus
816 2057 999 2108 repente
1028 2061 1176 2108 pavor
1209 2058 1368 2089 omnes
1397 2041 1473 2088 ce·-

189 2121 281 2185 pit‚
307 2132 357 2166 nt
381 2120 560 2182 abjeffis
586 2119 720 2166 armis
735 2155 749 2178 ,
771 2119 993 2182 fugerent.
1021 2120 1071 2165 &
1100 2113 1374 2163 munimenta
1403 2112 1472 2159 se-

191 2206 381 2257 quentes
399 2193 697 2257 impedierunt
716 2229 728 2250 ,
748 2193 798 2239 &
824 2192 1034 2254 angustiae
1061 2189 1191 2237 vallis
1206 2225 1221 2245 ,
1241 2204 1320 2250 per
1337 2202 1472 2250 quam

191 2266 404 2329 sequendi
422 2278 569 2323 erant,
583 2269 631 2314 &
648 2265 839 2312 maxime
856 2265 1082 2320 omnium,
1101 2262 1227 2327 quod
1245 2258 1473 2321 elephanti

190 2339 421 2387 noviffimi
441 2340 628 2404 agminis
653 2351 804 2395 erant,
826 2354 941 2402 quoS
971 2337 1104 2401 pedes
1124 2350 1238 2398 aegre
1266 2332 1471 2396 praeteri-

193 2430 268 2478 re,
296 2431 430 2480 eques
461 2413 591 2462 nullo
616 2424 794 2479 poterat
825 2413 997 2471 modo,
1025 2407 1284 2458 timentibus
1312 2406 1472 2472 equis,
