1618 2715
296 100 843 149 HisToRmRUM
876 100 999 146 ma.
1034 98 1296 148 xxxvm.
1368 117 1456 164 199

171 207 286 254 effet.
316 209 528 268 Quatuor
552 206 701 268 primo
725 207 849 254 fuere
871 205 1094 265 conjurati
1125 206 1330 252 adversus
1355 210 1456 254 Ma-

171 281 394 326 cedonum
418 279 683 342 praesidium.
718 280 765 326 hi
786 279 916 325 senos
934 279 1012 325 fibi
1037 277 1266 338 adjutores
1285 279 1338 324 ad
1361 296 1455 330 rem

168 353 405 416 gerendam
439 352 735 399 assumserunt
763 371 773 399 :
810 352 1004 408 deinde,
1039 352 1261 414 paucitate
1297 370 1455 414 parum

167 424 298 481 freti,
318 441 419 486 quae
443 423 641 470 celandae
663 424 752 480 rei,
772 441 904 485 quam
931 423 1114 487 agendae
1131 459 1144 479 ,
1167 423 1318 485 aptior
1334 437 1457 483 erat,

166 512 317 558 parem
343 494 486 558 priori
507 513 739 541 numerum
760 494 1032 556 adjecerunt.
1055 499 1116 540 lta
1135 495 1225 540 duo
1253 497 1299 542 &
1318 498 1454 554 quin-

166 568 373 631 quaginta
392 567 517 623 faffl,
540 567 855 630 quadrifariam
881 567 922 613 se
942 566 1190 614 diviserunt
1216 586 1226 614 ε
1247 585 1345 629 pars
1367 586 1456 618 una

166 642 450 701 Heracleam,
478 643 612 690 altera
645 643 987 707 Tetraphyliam
1019 643 1160 707 petit,
1191 644 1268 690 ubi
1299 644 1453 692 custo-

164 714 236 761 dia
266 716 399 780 regiae
425 716 627 780 pecuniae
658 717 741 762 effe
769 715 899 763 solita
923 730 1046 775 erat,
1072 717 1201 764 tertia
1226 718 1451 764 Theudo-

163 789 274 835 riam
289 826 302 846 ,
323 803 479 852 quarta
500 790 770 853 Argitheam.
800 792 862 835 lta
881 789 998 835 inter
1018 806 1176 836 omnes
1201 790 1452 849 convenit,

165 873 214 906 ut
244 861 390 923 primo
422 861 590 926 quieti,
619 862 743 910 velut
769 861 824 908 ad
855 862 1079 924 privatam
1109 879 1202 909 rem
1236 864 1450 926 agendam

166 934 409 992 venissent,
435 935 481 980 in
515 933 619 982 foro
648 934 1026 982 obversarentur:
1049 935 1117 981 die
1149 949 1267 982 certa
1292 937 1448 983 multi-

163 1006 365 1051 tudinem
392 1023 574 1053 omnem
596 1019 909 1054 con-vocarent
927 1008 980 1053 ad
1010 1007 1208 1070 praefidia
1230 1009 1449 1054 Macedo-

162 1096 272 1126 num
306 1080 483 1126 arcibus
510 1079 785 1142 expellenda.
826 1078 916 1126 Ubi
951 1096 1001 1126 ea
1031 1080 1122 1127 dies
1157 1081 1360 1138 advenit,
1396 1083 1447 1130 &

162 1153 455 1216 Amynander
488 1169 592 1199 cum
622 1151 743 1198 mille
772 1151 934 1199 AEtolis
968 1152 1014 1198 in
1043 1152 1208 1200 finibus
1241 1169 1358 1209 erat3
1390 1171 1447 1202 ex

157 1225 418 1288 composito
453 1236 650 1288 quatuor
681 1224 810 1271 fimul
845 1224 960 1271 locis
992 1226 1192 1287 praesidia
1226 1227 1445 1276 Macedo-

157 1317 270 1346 num
303 1299 516 1363 expulsa,
549 1300 779 1363 literaeque
819 1301 866 1347 in
895 1300 1000 1348 alias
1028 1302 1161 1348 urbes
1194 1303 1342 1364 paffim
1378 1303 1446 1349 di-

159 1372 321 1431 miffae,
352 1386 400 1419 ut
435 1373 718 1420 vindicarent
752 1373 839 1420 sese
874 1375 930 1420 ab
962 1374 1201 1436 impotenti
1235 1375 1444 1422 domina-

159 1446 286 1493 tione
308 1446 532 1508 Philippi,
552 1448 600 1494 ὅ(
629 1446 910 1493 restituerent
930 1447 976 1492 in
1005 1447 1197 1509 patrium
1217 1464 1267 1494 ac
1295 1447 1443 1511 legiti-

157 1534 282 1564 mum
319 1534 521 1581 regnum.
571 1518 785 1581 Undique
827 1520 1102 1565 Macedones
1139 1519 1444 1581 expelluntur.

158 1591 351 1653 Thejum
378 1593 596 1655 oppidum
614 1630 627 1651 ,
653 1593 791 1640 literis
820 1609 844 1639 a
873 1595 1059 1640 Zenone
1089 1593 1300 1656 praeferto
1327 1612 1443 1657 prae-

143 1662 252 1709 .s1dii
272 1663 530 1727 interceptis
544 1701 558 1723 ‚
579 1668 628 1714 &
650 1684 750 1713 arce
770 1667 826 1713 ab
850 1667 982 1730 regiis
1005 1678 1226 1730 occupata
1240 1702 1253 1724 ,
1274 1684 1447 1730 paucos

158 1733 248 1780 dies
276 1734 583 1783 obsidentibus
611 1737 800 1784 restitit:
829 1738 987 1784 deinde
1015 1738 1063 1784 id
1090 1755 1276 1801 quoque
1303 1739 1444 1785 tradi-

157 1820 250 1853 tum
271 1810 571 1873 Amynandro
593 1810 653 1857 est
674 1829 684 1858 :
707 1813 756 1859 &
776 1811 925 1858 omnis
946 1812 1210 1859 Athamania
1240 1813 1286 1858 in
1307 1826 1441 1875 pote-

153 1880 261 1927 state
279 1894 399 1939 erat,
421 1894 578 1943 praeter
595 1884 860 1930 Athenaeum
884 1884 1109 1932 castellum
1125 1920 1140 1944 ,
1160 1883 1323 1932 finibus
1338 1887 1441 1932 Ma-

154 1954 356 2001 cedoniae
388 1954 648 2015 subjecium,

222 2029 272 2074 11.
303 2026 555 2089 Philippus,
575 2028 723 2075 audita
743 2028 994 2077 defectione
1014 2029 1317 2087 Athamaniae,
1336 2047 1441 2078 cum

156 2097 229 2143 sex
254 2096 454 2143 millibus
484 2112 757 2149 armatorum
780 2099 1005 2162 profecius
1022 2137 1037 2157 ‚
1069 2100 1242 2165 ingenti
1277 2101 1439 2148 celeri-

153 2182 240 2214 tate
279 2169 520 2231 Gomphos
563 2171 786 2233 pervenit.
825 2172 889 2218 ibi
922 2172 1074 2219 relicia
1108 2172 1278 2234 majore
1312 2186 1438 2234 parte

151 2241 400 2299 exercitus,
420 2244 588 2306 (neque
607 2244 726 2290 enim
743 2245 798 2291 ad
822 2257 945 2292 tanta
961 2245 1122 2292 itinera
1140 2243 1437 2309 suffecissent)

146 2330 255 2360 cum
291 2315 469 2363 duobus
502 2317 698 2364 millibus
742 2320 1042 2376 Athenaeum,
1076 2319 1205 2381 quod
1238 2336 1378 2364 unum
1412 2335 1436 2365 a

151 2387 355 2449 praesidio
377 2389 456 2438 suo
477 2403 701 2439 retentum
722 2391 895 2453 fuerat,
917 2391 1139 2457 pervenit.
1170 2391 1302 2452 inde,
1322 2407 1433 2456 prou

1072 2465 1116 2511 N
1151 2484 1181 2525 4
