1618 2715
200 83 292 130 282
563 82 1129 133 TITILIVII

274 194 361 241 IV.
393 192 653 257 Priusquam
694 193 896 242 consules
926 194 1125 243 redirent
1159 196 1350 243 Romam
1369 231 1384 254 ,
1415 197 1483 246 M.

196 266 383 314 Fulvius
403 266 652 330 proconsul
673 284 727 313 ex
746 267 915 314 AEtolia
934 268 1077 314 rediit.
1097 267 1221 330 isque
1235 304 1249 325 ‚
1266 268 1322 315 ad
1341 268 1481 315 aedem

196 335 426 404 Apollinis
442 341 489 387 in
517 340 669 387 senatu
689 357 793 387 cum
811 340 864 386 de
882 340 1015 387 rebus
1034 340 1080 388 in
1097 341 1265 388 AEtolia
1286 341 1482 404 Cephal-

195 413 403 476 leniaque
432 413 488 460 ab
512 413 554 459 se
584 412 714 477 gestis
741 412 1022 471 disseruiffet,
1042 414 1169 475 petiit
1197 431 1222 461 a
1250 414 1484 473 Patribus,

194 498 245 532 ut
265 503 445 548 aequum
470 485 727 544 censerent,
747 486 808 531 ob
835 485 1156 547 rempublicam
1180 485 1294 532 bene
1314 502 1366 532 ac
1385 484 1483 531 feli-

195 559 307 606 citer
327 558 490 621 gestam
505 595 519 615 ‚
541 560 591 605 &
612 558 714 605 Diis
734 557 1063 604 immortalibus
1080 558 1305 604 honorem
1329 556 1484 604 haberi

194 631 381 694 jubere,
407 633 456 679 &
486 630 566 677 fibi
595 630 874 693 triumphum
908 631 1162 677 decernere.
1192 632 1255 678 M.
1289 629 1486 678 Aburius

195 703 407 750 tribunus
440 702 613 765 plebis,
639 702 670 749 s1
701 702 811 767 quid
844 702 897 749 de
928 719 981 749 ea
1009 719 1058 749 re
1089 713 1188 749 ante
1221 702 1283 747 M.
1315 701 1486 749 AEmilii

196 774 395 823 consulis
426 772 672 823 adventum
704 776 1048 834 decerneretur,
1075 774 1414 822 intercessurum
1440 774 1484 822 se

196 851 422 898 ostendit:
454 870 541 898 eum
568 854 839 898 contradicere
867 855 988 907 velle,
1011 851 1410 912 proficifientemque
1438 851 1486 896 itt

187 928 455 987 provinciam
477 927 538 971 ita
554 925 643 989 sibi
661 922 873 988 mandaffe
886 959 899 982 ‚
926 941 972 971 ut
992 944 1039 970 ea
1067 926 1310 985 disceptatio
1328 926 1488 984 integra

196 1004 243 1046 in
270 1002 492 1045 adventum
501 1001 633 1060 ficum
647 1000 891 1061 servaretztr.
922 1001 1118 1045 Fulvium
1143 1000 1336 1058 temporis
1339 997 1488 1054 jac‘lu-

196 1091 286 1119 ram
300 1071 452 1129 facere.
476 1073 674 1132 senatum
699 1074 824 1117 etiam
842 1072 1037 1132 praesente
1061 1071 1247 1130 consule,
1268 1072 1381 1131 quod
1399 1072 1487 1115 vel-

196 1151 274 1204 let,
291 1148 554 1192 decreturum.
575 1147 638 1192 M.
660 1144 848 1191 Fulvius
867 1163 876 1191 :
893 1149 942 1190 Si
961 1146 1243 1209 autsimultas
1262 1146 1328 1190 M.
1342 1146 1488 1191 AEmi·

197 1221 248 1265 lii
264 1219 408 1279 secum
428 1221 574 1281 ignota
597 1219 836 1263 hominibus
855 1217 976 1281 effit,
996 1233 1072 1263 aut
1094 1236 1219 1278 quam
1245 1221 1283 1263 is
1307 1234 1377 1262 eas
1396 1218 1488 1262 ini-

198 1294 380 1338 micitias
406 1294 621 1352 impotenti
650 1310 699 1336 ac
715 1311 841 1352 prope
869 1294 981 1353 regia
1006 1294 1071 1337 ira
1100 1306 1323 1345 exerceret;
1350 1302 1486 1336 cametz

196 1385 284 1411 non
307 1363 438 1428 fuiffe
462 1364 709 1423 ferendum,
741 1366 946 1425 absentem
983 1365 1186 1424 confidem
1220 1363 1262 1411 ὃ
1284 1362 1487 1410 'Deorum

198 1439 498 1483 immortalium
537 1439 686 1482 honori
721 1438 894 1504 obstare,
931 1433 974 1483 δ’
1011 1437 1196 1482 meritum
1231 1439 1489 1496 debitumque

196 1512 450 1570 triumphum
474 1512 629 1554 morari
648 1527 663 1554 .-
685 1511 966 1570 imperatorem
981 1543 995 1566 ,
1022 1510 1138 1554 rebus
1165 1510 1315 1570 egregie
1339 1508 1488 1573 gestis,

198 1584 462 1643 vic‘ioremque
480 1585 701 1628 exercitum
728 1599 817 1627 cum
836 1584 981 1641 praeda
1003 1599 1053 1625 ac
1075 1582 1252 1640 captivis
1272 1596 1367 1625 ante
1381 1598 1487 1639 por-

198 1673 267 1701 tas
285 1656 397 1720 stare
415 1689 427 1709 ,
453 1657 581 1700 donec
600 1654 761 1713 conficli
773 1689 785 1710 ,
808 1656 857 1698 ob
887 1655 960 1698 hoc
986 1652 1119 1713 ipsum
1137 1653 1341 1705 moranti,
1360 1652 1489 1696 redire

200 1732 383 1775 Romam
411 1732 575 1774 libitum
593 1727 693 1792 fft.
733 1734 780 1773 V
775 1746 885 1773 erum
906 1729 1132 1782 enimvero,
1151 1724 1337 1787 cumfitzt
1361 1727 1488 1770 nobi-

200 1802 352 1864 liffitnae
366 1801 456 1865 sibi
485 1820 576 1848 cum
602 1801 764 1860 confide
797 1802 1050 1855 inimiciciae,
1071 1801 1174 1859 quid
1192 1800 1243 1842 ab
1270 1816 1314 1844 eo
1344 1815 1488 1858 quem-

200 1893 324 1936 quam
344 1873 459 1935 poffie
484 1875 589 1934 aequi
606 1872 830 1933 exspeflare
843 1905 855 1925 ,
876 1874 946 1932 qui
959 1890 1034 1930 per
1061 1869 1376 1930 infrequentiam
1384 1868 1490 1927 fur·

202 1952 276 1994 tim
283 1947 691 2008 senatufionsultum
700 1944 863 2002 saalum
878 1947 938 1988 (ια’
950 1945 1137 1988 cerarium
1154 1944 1364 1999 detulerit,
1381 1942 1489 1987 Am-

203 2020 397 2068 braciam
424 2035 521 2065 non
542 2018 686 2067 videri
706 2018 754 2065 vi
780 2030 985 2078 capt3m3
1018 2035 1104 2077 quae
1123 2034 1263 2078 aggere
1287 2034 1337 2061 ac
1359 2018 1493 2061 vineis

203 2111 444 2158 oppugnata
458 2094 549 2156 sit;
576 2096 670 2150 ubi,
691 2094 864 2157 incensis
894 2093 1110 2151 operibus,
1141 2094 1231 2137 alia
1262 2093 1310 2136 de
1334 2092 1488 2151 integro

192 2171 314 2229 sabia
331 2169 450 2233 fint;
471 2171 543 2214 ubi
565 2171 673 2214 circa
702 2185 840 2212 muros
863 2167 995 2226 fizpra
1015 2165 1229 2226 fitbterque
1255 2181 1399 2211 terram
1415 2180 1492 2223 per

205 2248 292 2290 dies
314 2246 544 2304 quindecim
558 2259 796 2304 pugnatum
808 2262 828 2297 ;
846 2244 918 2286 ubi
936 2260 963 2286 a
977 2241 1126 2301 prima
1146 2244 1256 2296 luce,
1285 2256 1377 2283 cum
1390 2237 1488 2293 jam

205 2313 508 2379 transt-endzffi’t
526 2333 665 2361 muros
692 2318 810 2360 miles
827 2349 840 2371 ,
859 2315 979 2374 usique
1000 2316 1060 2358 ad
1073 2312 1227 2357 noc‘lem
1247 2313 1320 2356 diu
1340 2327 1488 2371 anceps

202 2393 396 2451 proelium
413 2393 582 2437 tenuerit
591 2408 609 2445 ;
631 2392 701 2436 ubl
713 2393 815 2450 plus
835 2392 914 2435 tria
931 2389 1066 2434 millia
1085 2384 1359 2453 lzostizcmstnt
1374 2384 1490 2445 elesa.
