1618 2715
333 130 876 180 HISTORIARUM
911 131 1033 179 Lm.
1067 132 1168 179 XL:
1320 133 1409 198 383

126 238 369 301 compositi
395 241 445 286 &
469 238 667 285 instruffi
690 239 993 301 procedebant
1012 256 1022 285 :
1044 251 1139 285 tum
1154 274 1166 294 ‚
1185 238 1268 284 nisi
1289 240 1411 287 exsa-

123 312 223 357 tiati
250 312 355 358 cibo
382 312 612 373 vinoque,
640 328 757 357 arma
794 327 888 356 non
925 310 1174 372 capiebant.
1206 310 1417 373 dispersi,¹

126 383 373 429 'inordinati
404 382 614 440 exibant3
635 395 685 429 ut
705 382 867 445 quibus
888 398 972 445 pro
995 381 1068 444 spe
1090 394 1263 429 certum
1282 384 1415 441 esset,

126 457 275 504 hostes
312 469 437 502 extra
476 457 645 503 vallum
686 457 805 519 figna
841 473 936 501 non
974 457 1188 504 elaturos.
1230 459 1412 504 Adver-

122 529 194 576 sus
213 530 271 575 ita
292 528 623 590 incompositos
642 546 723 576 eos
744 530 976 575 venientes
995 564 1009 587 ,
1031 530 1228 576 clamore
1250 532 1413 592 pariter

122 601 357 659 omnium,
382 601 462 664 qui
493 602 539 647 in
571 601 719 648 castris
749 613 900 658 erant,
925 601 1138 647 calonum
1159 619 1342 666 quoque
1361 604 1414 651 &

76 729 78 732 ¹
123 676 352 732 lixarum,
385 675 592 731 sublato,
626 675 755 721 fimul
790 675 1003 722 omnibus
1038 676 1180 737 portis
1214 677 1413 724 Romani

120 759 381 809 eruperunt.
421 747 662 810 Liguribus
698 748 812 793 adeo
842 747 1089 808 improvisa
1118 764 1184 794 res
1221 747 1336 807 fuit,
1361 760 1414 796 ut

119 820 308 882 perinde
324 855 337 876 ,
360 837 409 867 ac
430 820 460 864 s1
490 820 655 865 insidiis
684 820 983 867 circumventi
1011 819 1162 867 fcrent
1177 856 1191 879 ,
1216 821 1412 883 trepida-

118 904 235 938 rent,
275 892 497 953 Exiguum
531 893 750 954 temporis
776 893 922 955 aliqua
950 892 1096 939 forma
1123 912 1285 957 pugnae
1313 894 1412 943 fnit.

121 961 225 1025 fuga
248 963 405 1008 deinde
426 962 584 1020 effusa,
608 966 658 1010 &
680 963 944 1027 fugientium
967 966 1119 1026 paffim
1142 968 1284 1013 caedes
1302 979 1410 1016 erat.

121 1036 360 1098 Equitibus
386 1037 492 1081 dato
514 1037 664 1098 figno,
684 1049 733 1082 ut
757 1037 1114 1084 conscenderent
1136 1056 1302 1102 equos,
1324 1057 1409 1087 nee

116 1108 312 1170 effugere
349 1125 618 1171 quemquam
651 1109 868 1167 sinerent,
896 1110 939 1154 in
970 1111 1105 1156 castra
1135 1129 1291 1159 omnes
1319 1128 1408 1159 tre-

119 1180 226 1241 pida
253 1181 355 1243 fuga
383 1181 600 1242 compulsi
625 1181 754 1228 sunt:
784 1183 943 1228 deinde
969 1183 1070 1245 ipsis
1094 1185 1217 1230 exuti
1242 1185 1408 1234 castris,

116 1253 259 1313 Supra
281 1253 536 1315 quindecim
565 1254 703 1299 millia
725 1254 936 1317 Ligurum
956 1273 1013 1302 eo
1039 1257 1109 1303 die
1129 1258 1303 1317 occisa,
1328 1276 1409 1309 ca-,

117 1337 193 1386 pta
221 1326 312 1370 duo
338 1325 476 1371 millia
504 1326 553 1371 &
572 1327 819 1390 quingenti.
856 1329 1033 1374 Triduo
1061 1329 1162 1391 post
1194 1331 1405 1393 Ligurum

117 1398 424 1457 Ingaunorum
459 1412 596 1442 omne
625 1413 819 1456 nomen,
847 1400 1073 1446 obsidibus
1094 1401 1231 1458 datis,
1257 1402 1302 1448 in
1332 1403 1405 1448 di-

116 1468 290 1514 tionem
324 1469 466 1515 venit.
510 1470 832 1532 gubernatores
859 1486 1100 1537 nautaeque
1131 1475 1405 1539 conquifiti,

114 1541 197 1604 qui
232 1542 503 1603 praedatores
535 1542 712 1589 fuissent
747 1545 969 1602 navibus,
998 1561 1131 1609 atque
1160 1566 1318 1597 omnes
1355 1550 1403 1596 in

113 1614 362 1660 custodiam
386 1612 594 1673 conjeffi.
619 1617 674 1659 Et
700 1633 722 1661 a
750 1617 804 1663 C.
830 1620 1031 1665 Matieno
1053 1621 1299 1669 duumviro
1321 1636 1405 1670 ηει-Ὶ

117 1703 199 1734 ves
217 1686 310 1747 ejus
328 1688 500 1749 generis
518 1687 565 1732 in
589 1687 813 1750 Ligustina
834 1707 912 1736 ora
935 1691 1116 1754 triginta
1139 1694 1236 1739 duae
1259 1707 1402 1755 captae

116 1759 232 1806 sunt.
255 1761 364 1806 Haec
385 1759 461 1823 qui
481 1761 737 1806 nuntiarent
753 1797 766 1818 ,
786 1762 1016 1827 literasque
1035 1766 1090 1810 ad
1106 1765 1300 1812 senatum
1322 1766 1402 1813 fer-

114 1847 238 1889 rent,
261 1835 307 1878 L.
326 1833 535 1879 Aurelius
549 1835 702 1889 Cotta,
721 1836 772 1881 C.
788 1837 1012 1899 Sulpicius
1030 1840 1187 1885 Gallus
1205 1841 1400 1886 Romam

114 1903 255 1959 missi,
293 1905 509 1966 simulque
548 1918 778 1965 peterent,
813 1922 861 1953 ut
892 1912 940 1955 L.
969 1912 1153 1956 AEmilio
1194 1911 1398 1958 confecta

114 1976 354 2038 provincia
385 1978 626 2034 decedere,
653 1980 703 2024 ἃ
731 1980 948 2026 deducere
976 1983 1122 2029 secum
1151 1984 1311 2030 milites
1340 1984 1398 2030 li·

112 2062 235 2095 ceret
249 2063 414 2112 ,atque
437 2051 672 2098 dimittere.
705 2056 953 2117 Utrumque
974 2058 1224 2117 permissum
1246 2058 1300 2103 ab
1327 2057 1397 2103 ie-

113 2135 252 2180 natu,
279 2126 328 2170 &
357 2125 625 2186 iupplicatio
653 2127 705 2172 ad
736 2144 780 2173 o
773 2128 886 2174 nnia
921 2131 1174 2191 pulvinaria
1203 2148 1282 2192 per
1310 2131 1394 2177 tri·

113 2195 253 2240 duum
279 2197 479 2242 decreta:
504 2197 690 2260 juffique
708 2215 951 2260 praetores,
983 2203 1179 2248 petillius
1202 2203 1392 2248 urbanas

111 2266 334 2312 dimittere
363 2267 587 2330 legiones,
610 2272 765 2318 Fabius
791 2274 920 2319 lociis
948 2287 1080 2337 atque
1102 2276 1278 2321 nomini
1307 2279 1392 2322 La-

112 2337 212 2381 tino
231 2339 452 2384 remittere
471 2341 714 2388 delectum:
736 2345 786 2390 &
805 2347 868 2389 uti
890 2359 1054 2406 praetor
1072 2348 1267 2392 urbanus
1286 2363 1389 2393 con·

112 2406 276 2456 lulibus
304 2409 771 2470 leriberet,senatu1n
792 2433 968 2480 aequum
993 2424 1197 2478 centere,
1227 2401 1388 2473 ίιὼῖῐευ
