1618 2715
174 104 272 153 430
565 83 1133 133 T1T1L1v11

174 214 233 245 ex
266 194 502 244 navalibus
529 194 683 243 vellet.
703 192 991 241 Tantundem
1017 192 1217 253 peditum
1239 188 1460 254 equitum-

174 287 262 334 que
289 270 336 316 in
359 269 527 316 Istriam
547 303 560 326 ,
588 278 807 331 quantum
841 266 886 312 in
910 265 1186 323 Sardiniam,
1218 264 1462 311 decretum.

173 347 232 393 Et
249 343 476 407 legionem
493 358 626 388 unam
647 357 750 387 cum
770 337 997 402 equitibus
1017 337 1249 395 trecentis,
1269 338 1318 383 &
1332 336 1463 399 quin-

174 433 264 481 que
295 413 436 462 millia
468 413 669 476 peditum
701 410 962 467 sociorum,
995 410 1044 456 &
1078 408 1296 455 ducentos
1328 406 1465 470 quin-

175 488 389 552 quaginta
417 486 594 532 mittere
616 484 790 547 equites
817 483 862 529 in
887 480 1146 544 Hispaniam
1176 480 1380 527 consules
1409 476 1466 526 ad

180 563 244 608 M.
264 559 486 608 Titinium
516 556 630 618 juffi.
668 554 929 617 Priusquam
966 552 1172 600 consules
1201 551 1467 613 provincias

177 633 470 690 sortirentur,
484 629 691 694 prodigia
711 627 911 674 nuntiata
931 626 1044 687 sunt.
1063 625 1272 687 Lapidem
1289 624 1333 669 in
1354 638 1466 687 agro

179 704 474 753 Crustumino
497 704 542 749 in
558 702 704 749 lacum
720 694 879 747 Martis
903 699 955 744 de
977 697 1100 744 coelo
1121 696 1335 744 cecidiffe.
1357 696 1467 741 Pue-

178 794 279 825 rum
295 776 443 823 trunci
463 773 672 837 corporis
690 772 737 819 in
752 788 862 835 agro
880 773 1090 817 Romano
1106 782 1254 815 natum
1267 805 1280 827 ‚
1296 769 1346 815 &
1361 784 1470 830 qua-

181 849 429 911 drupedem
452 863 643 910 anguem
664 844 841 892 visum:
867 845 917 890 &
935 844 1105 905 Capuae
1128 842 1267 888 multa
1291 842 1338 887 in
1362 840 1469 888 foro

182 921 371 971 aedisieia
389 921 442 968 de
472 919 594 968 coeio
617 919 760 965 tabia:
787 920 836 965 &
861 917 1059 964 Puteolis
1080 917 1189 964 duas
1219 932 1358 963 naves
1383 914 1472 960 ful-

181 995 317 1042 minis
335 994 426 1041 {filu
442 998 752 1040 eoncrematas
769 990 866 1038 effe.
890 993 1007 1037 Inter
1023 991 1120 1038 haec
1135 1026 1148 1048 ,
1169 1006 1268 1053 quae
1290 988 1472 1034 nuntia-

183 1066 373 1121 bantur,
394 1065 524 1126 lupus
544 1062 675 1109 etiam
705 1063 867 1108 Romae
893 1061 1091 1108 interdiu
1124 1059 1310 1124 agitatus
1328 1095 1342 1118 ,
1367 1075 1472 1105 cum

184 1139 371 1188 Collina
390 1151 522 1201 porta
542 1134 765 1193 intrasset,
784 1152 863 1198 per
880 1134 1149 1198 Esquilinam
1172 1149 1338 1196 magno
1358 1148 1473 1179 con-

183 1214 443 1262 se&anfium
464 1210 660 1258 tumultu
680 1210 833 1256 evasit.
850 1211 1018 1254 Eorum
1033 1207 1349 1271 prodigiorum
1368 1221 1473 1252 cau-

185 1287 229 1343 sa
260 1283 468 1333 consules
500 1281 695 1344 majores
721 1279 886 1326 hostias
916 1279 1237 1335 immolarunt,
1272 1278 1323 1324 ὃς
1353 1276 1472 1322 diem

185 1376 326 1406 unum
352 1357 472 1404 circa
499 1355 653 1402 omnia
684 1353 934 1417 pulvinaria
967 1352 1232 1416 supplicatio
1260 1351 1356 1398 fuit.
1391 1351 1474 1396 Sa-

188 1430 368 1479 orificiis
386 1429 471 1474 rite
488 1427 692 1491 perfeffis
706 1462 720 1485 ,
741 1426 1006 1489 provincias
1023 1425 1168 1472 sortiti
1189 1424 1311 1471 sunt:
1331 1423 1472 1470 Clau-

188 1505 268 1550 dio
287 1501 432 1559 istria,
447 1499 719 1563 Sempronio
739 1499 940 1546 Sardinia
959 1498 1164 1547 obvenit.
1187 1500 1350 1559 Legem
1371 1495 1475 1543 dein

189 1580 243 1625 de
259 1576 390 1623 sociis
407 1576 461 1622 C.
475 1574 690 1621 Claudius
706 1573 809 1620 tulit
824 1572 1233 1630 senatusconsulto,
1246 1572 1295 1618 &
1311 1568 1473 1616 edixit:

189 1654 260 1713 qui
272 1652 382 1712 socii
401 1668 450 1694 ac
470 1651 655 1694 nominis
673 1649 847 1706 Latini,
878 1648 959 1712 ipst
972 1647 1199 1705 majorefhe
1217 1663 1351 1691 eorum
1365 1678 1379 1700 ‚
1407 1644 1481 1688 M.'

191 1726 394 1779 Claudia,
432 1723 478 1768 T.
517 1719 720 1782 Quinfflo
755 1722 1018 1781 censoribus,
1045 1719 1212 1784 postque
1247 1735 1324 1774 ea,
1359 1714 1478 1775 apud

140 1851 143 1853 ,
180 1800 325 1858 josias
352 1798 537 1841 nominis
563 1797 710 1840 Latini
739 1794 847 1858 censi
866 1792 1012 1856 efflent,
1045 1808 1090 1838 ut
1113 1807 1252 1837 omnes
1281 1793 1327 1834 in
1344 1790 1475 1849 suam

196 1870 358 1932 quijssjtue
393 1870 600 1913 civitatem
634 1882 730 1912 ante
750 1867 973 1911 Kalendas
1004 1866 1254 1910 Novembres
1287 1864 1477 1907 redirent.

195 1941 429 2003 Quaestio,
458 1941 537 2004 qui
565 1940 625 1986 ita
649 1956 745 1985 non
771 1938 1007 1994 redissent,
1036 1940 1080 1984 L.
1104 1934 1328 1982 Mummio
1361 1950 1478 1996 prae-

196 2014 288 2062 tori
325 2013 501 2059 decreta
528 2011 603 2057 est.
638 2011 693 2057 ad
717 2011 860 2074 legem
888 2011 937 2057 &
965 2009 1159 2055 ediffilm
1192 2004 1386 2053 consulis
1412 2004 1481 2053 se-.

198 2085 581 2134 natusconsultum
604 2082 821 2144 adjeostum
841 2082 927 2130 est:
963 2100 1034 2140 ut,
1070 2081 1271 2135 difflator,
1304 2079 1480 2142 eonfitl,
1505 2120 1510 2124 .

199 2167 400 2218 interrex,
434 2161 600 2220 censor,
624 2174 777 2220 prcetor
802 2160 871 2218 qui
901 2175 1010 2202 nune
1039 2155 1129 2220 effet
1149 2191 1162 2211 ,
1197 2156 1313 2214 apud
1343 2169 1478 2198 eorum

200 2255 317 2298 quem
349 2236 725 2290 manumitteretur,
762 2233 808 2276 in
837 2234 1059 2278 libertatem
1093 2228 1397 2279 vindicaretur,
1433 2239 1481 2269 ut

191 2311 498 2369 jaci-jurandum
527 2310 665 2364 daret,
699 2306 769 2366 qui
802 2323 890 2350 eum
926 2305 1255 2356 manumitteret,
1295 2299 1479 2342 civitatis

204 2387 414 2431 mutandae
432 2383 561 2442 eausa
590 2400 718 2429 mama
736 2399 820 2427 non
841 2382 993 2426 mittere
1008 2395 1025 2424 .·
1059 2376 1138 2440 qui
1167 2373 1213 2420 id
1233 2387 1327 2418 non
1357 2369 1483 2433 jura·-
