1618 2715
187 112 284 173 416
551 109 1117 156 T1T1L1V11

189 221 477 288 propositum
502 230 621 276 erat,
656 219 794 280 inque
815 234 975 264 eorum
1008 235 1116 282 agro
1147 217 1267 265 sedes
1296 216 1486 266 fundare

189 294 419 342 Bastarnis.
456 294 626 355 duplex
657 290 763 349 inde
798 303 893 336 erat
929 291 1225 337 commodum
1253 290 1486 348 futurum,

191 370 224 416 si
257 371 308 416 &
340 366 578 422 Dardani,
614 377 720 427 gens
754 362 927 425 semper
960 362 1230 410 infestissima
1265 363 1488 410 Macedo-

189 442 279 489 niae
296 479 307 499 ‚
338 438 712 502 temporibusque
739 436 909 498 iniquis
930 453 1084 500 regum
1102 436 1365 495 imminens,
1393 436 1489 483 tol-

191 515 388 567 ieretur3
413 513 462 559 δέ
486 510 707 557 Bastarnae
725 546 738 568 ‚
768 508 931 555 reliffis
953 508 997 554 in
1020 508 1252 556 Dardania
1276 507 1491 572 conjugi-

190 589 274 636 bus
295 585 536 644 liberisque
553 620 565 639 ,
588 584 642 630 ad
672 583 981 645 populandam
1003 581 1170 628 ltaliam
1190 582 1366 643 possent
1385 581 1490 627 mit-

191 660 239 708 ti.
276 664 355 706 Per
385 660 628 719 Scordiscos
661 661 737 703 iter
755 654 825 720 effi}
856 659 915 701 ad
941 675 1052 701 mare
1072 656 1371 701 Hadriaticum
1393 658 1490 700 Ita-

195 738 391 794 liamque.
442 735 531 778 alia
563 733 636 776 via
683 733 848 776 traduci
881 732 1102 775 exercitum
1138 746 1226 775 non
1254 726 1378 791 poffi.
1408 727 1492 785 siz-

195 809 274 853 cile
305 806 526 871 Bastarnis
556 805 802 865 Scordiscos
841 806 918 848 iter
947 806 1133 847 daturos.
1172 819 1244 846 nec
1279 803 1387 846 enim
1420 815 1495 845 aut

192 887 342 943 lingua
375 896 451 925 aut
485 882 668 925 moribus
708 882 883 939 aequales
912 879 1156 931 abliorrere;
1189 874 1231 921 δ’
1262 876 1374 936 ipsos
1410 877 1493 920 ad-

187 957 412 1013 junfluros
427 957 509 1016 se,
543 974 633 999 cum
653 945 914 1014 adpraedam
947 951 1257 1012 opulentiffimae
1283 951 1420 1008 gentis
1439 952 1496 994 ire

192 1026 403 1092 vidiffirzt.
442 1027 549 1072 lnde
581 1027 627 1072 in
661 1043 845 1072 omnem
882 1035 1104 1069 eventum
1143 1018 1327 1066 confilia
1364 1035 1495 1065 com-

195 1099 519 1145 modabantur.
559 1099 652 1145 five
687 1098 785 1146 caefi
808 1098 863 1144 ab
890 1095 1111 1142 Romanis
1145 1091 1298 1139 forent
1321 1090 1494 1137 Bastar-

197 1187 296 1228 nae,
317 1171 566 1217 Dardanos
595 1182 743 1216 tamen
772 1169 969 1215 sublatos
986 1204 999 1225 ‚
1032 1166 1320 1229 praedamque
1345 1182 1400 1211 ex
1423 1180 1496 1210 re-

198 1244 352 1308 liquiis
372 1245 684 1292 Bastarnarum
700 1279 713 1301 ‚
749 1245 798 1290 ὅτ.
830 1240 1146 1304 posseffionem
1172 1237 1354 1284 liberam
1374 1237 1497 1283 Dar-

199 1319 345 1365 daniae
363 1355 376 1375 ‚
414 1317 579 1364 solatio
618 1317 742 1363 sore:
773 1315 866 1362 five
891 1313 1103 1376 prospere
1123 1309 1368 1374 geffiffent,
1396 1301 1497 1355 Ro-

198 1392 344 1439 manis
375 1390 539 1439 averfis
568 1391 614 1436 in
640 1389 952 1436 Bastarnarum
978 1385 1175 1442 bellum,
1203 1396 1498 1444 recuperatu-

200 1483 299 1513 rum
319 1465 361 1511 se
380 1465 426 1510 in
450 1464 652 1523 Graecia,
674 1479 773 1527 quae
793 1460 1011 1508 amififfet.
1041 1459 1150 1505 Haec
1168 1455 1364 1520 Philippi
1384 1473 1498 1504 con-

201 1539 296 1586 filia
325 1538 514 1585 fuerant.

268 1613 422 1658 LV111.
450 1608 628 1674 Ingreffi
658 1607 759 1655 sunt
785 1617 949 1670 pacato
979 1603 1186 1669 agmine,
1213 1602 1301 1649 fide
1333 1603 1499 1650 Cotto-

202 1687 274 1734 nis
295 1686 344 1732 δε
364 1683 603 1747 Antigoni,
645 1681 717 1728 sed
747 1680 864 1727 haud
887 1678 1035 1725 multo
1058 1677 1157 1740 post
1183 1675 1343 1723 famam
1375 1691 1499 1722 mor-

202 1759 260 1806 tis
276 1758 472 1819 Philippi
494 1773 640 1819 neque
653 1756 852 1802 Thraces
874 1752 1156 1800 commercio
1176 1750 1329 1798 faciles
1349 1761 1500 1808 erant,

204 1848 353 1895 neque
387 1829 610 1877 Bastarnae
637 1841 760 1876 emto
795 1825 1003 1873 contenti
1033 1823 1117 1870 effe
1151 1834 1391 1886 poterant,
1423 1833 1501 1868 aut

204 1906 252 1952 in
279 1903 455 1968 agmine
487 1900 739 1960 contineri,
775 1916 830 1946 ne
863 1898 1132 1945 decederent
1169 1896 1255 1943 via.
1294 1895 1397 1942 inde
1429 1894 1501 1940 in-

203 1977 331 2041 juriae
363 1976 485 2022 ultro
521 1975 728 2036 citroque
762 1971 887 2018 fieri:
922 1987 1112 2034 quarum
1142 1969 1188 2015 in
1227 1968 1319 2016 dies
1349 1968 1501 2015 incre-

205 2064 364 2098 mento
384 2049 553 2096 bellum
573 2049 745 2095 exarsit.
783 2046 1016 2094 Postremo
1035 2045 1233 2092 Thraces
1247 2080 1261 2103 ‚
1284 2061 1387 2091 cum
1407 2042 1504 2090 vim

208 2142 261 2172 ac
286 2122 619 2170 multitudinem
642 2122 852 2168 sustinere
870 2120 1065 2167 hostium
1091 2137 1186 2165 non
1206 2119 1407 2181 poffent,
1430 2134 1501 2163 re-

208 2197 325 2244 liffis
359 2195 678 2259 campestribus
712 2195 857 2252 vicis,
893 2195 941 2239 in
974 2206 1180 2240 montem
1215 2185 1406 2255 ingentis
1438 2189 1504 2236 al-

210 2272 416 2319 titudinis
455 2270 734 2334 (Donucam
776 2266 985 2331 vocant)
1021 2265 1345 2314 concesserunt.
1389 2265 1501 2322 Quo

213 2346 293 2392 ubi
324 2345 387 2391 ire
416 2344 636 2391 Bastarnae
668 2343 868 2400 vellent,
902 2342 1022 2403 quali
1054 2336 1504 2401 tempestate'Gallos

214 2417 457 2483 spoliantes
489 2418 700 2481 Delphos
734 2415 854 2464 fama
894 2415 954 2463 est
989 2424 1216 2479 peremtos
1251 2410 1368 2467 effe3
1402 2409 1502 2456 talis
