1618 2715
232 102 293 161 48
579 98 1139 147 T1T1L1V11

231 225 363 274 quam
386 224 479 255 rem
502 207 701 254 omiffam
720 224 743 253 a
762 204 890 253 sociis
913 205 1054 263 vidit,
1074 202 1357 260 Thronium,
1380 199 1500 249 unde

233 293 440 337 venerat,
467 279 640 342 repetit.
697 339 699 342 ι

298 353 522 399 XXXIX.
552 350 791 410 Quinffius
811 366 993 414 quoque
1008 385 1020 407 ‚
1037 349 1106 396 his
1126 347 1285 395 auditis
1301 383 1315 405 ‚
1332 348 1387 395 ab
1405 349 1502 393 Co-

231 426 384 475 rintho
407 423 590 471 veniens
619 423 834 480 navibus,
873 424 918 469 in
949 422 1173 470 Chalcidis
1206 422 1374 483 Euripo
1407 423 1501 465 Eu-

230 496 352 545 meni
389 496 479 559 regi
517 495 730 542 occurrit.
775 494 944 541 Placuit
969 531 983 551 ,
1029 492 1502 558 quingentosfmilites

232 567 420 632 praefidii
452 566 576 614 causa
597 566 790 630 relinqui
821 567 1033 613 Chalcide
1064 567 1120 612 ab
1150 569 1346 612 Eumene
1367 579 1499 625 rege:

234 640 377 702 ipsum
398 639 593 686 Athenas
620 638 698 685 ire.
725 638 988 698 Quinftius‚
1020 655 1110 700 quo
1130 637 1354 700 profeffrus
1379 646 1501 691 erat,

233 712 566 759 Demetriadem
600 712 863 767 contendit3
902 723 1015 756 ratus
1048 711 1303 757 Chalcidem
1339 709 1502 754 libera-

232 799 322 832 tam
351 785 571 831 momenti
599 784 767 847 aliquid
797 784 912 846 apud
948 786 1175 846 Magnetas
1207 783 1260 828 ad
1295 795 1501 844 repeten-

234 858 335 903 dam
355 856 608 903 societatem
629 857 877 901 Romanam
905 854 1131 900 facluram.
1164 855 1248 909 Et,
1283 865 1330 897 ut
1356 851 1502 913 praef-

234 928 296 974 dii
329 928 500 991 aliquid
533 927 635 973 ess'et
670 927 755 973 suae
783 926 924 989 ‚partis
965 924 1222 972 hominibus
1243 959 1256 982 ‚
1290 925 1503 970 Eunomo

234 1000 420 1063 praetori
457 999 762 1045 Thessalorum
800 998 1002 1061 scripsit,
1036 1009 1086 1044 ut
1122 1007 1309 1043 armaret
1339 993 1504 1056 juven-

234 1086 400 1131 tutem,
418 1074 467 1121 ὅ(
481 1073 669 1119 Villium
689 1074 743 1120 ad
756 1071 1088 1119 Demetriadem
1109 1069 1315 1133 praemisit
1333 1069 1389 1114 ad
1407 1080 1503 1114 ten-

208 1148 396 1194 landos
428 1147 626 1194 animos:
661 1164 755 1193 non
788 1146 939 1202 aliter,
970 1146 1048 1191 nis1
1074 1162 1172 1207 pars
1202 1143 1348 1206 aliqua
1369 1142 1506 1188 incli-

237 1231 361 1267 naret
395 1220 449 1266 ad
475 1219 718 1282 respe&iim
748 1217 938 1281 pristinae
959 1216 1199 1273 societatis,
1224 1232 1314 1261 rem
1335 1211 1506 1277 aggres-

235 1291 374 1338 surus.
403 1289 567 1336 Villius
599 1288 909 1353 quinqueremi
940 1304 1056 1334 nave
1091 1287 1145 1334 ad
1165 1286 1327 1333 ostium
1348 1298 1506 1348 portus

234 1362 297 1409 est
319 1362 535 1408 invechis.
568 1364 636 1407 Eo
667 1360 910 1406 multitudo
943 1361 1202 1422 Magnetum
1236 1358 1382 1404 omnis
1400 1373 1505 1404 cum

236 1434 280 1485 se
307 1433 547 1490 effudisset,
580 1433 783 1495 quaefivit
818 1432 1005 1487 Villius,
1033 1444 1181 1478 utrum
1215 1432 1269 1477 ad
1305 1430 1504 1487 amicos,

237 1523 293 1552 an
318 1506 371 1551 ad
389 1505 532 1552 hostes
548 1542 561 1563 ,
590 1505 674 1551 sese
704 1505 870 1551 veniffe
895 1504 1105 1551 mallent?
1134 1503 1376 1566 Respondit
1401 1504 1504 1548 Ma-

235 1578 495 1641 gnetarches
516 1577 829 1641 Eurylochus,
849 1581 925 1624 Ad
945 1581 1099 1623 amicos
1120 1575 1263 1640 veniffa
1281 1595 1370 1622 eum
1386 1595 1402 1622 .·
1423 1577 1507 1635 fid

234 1651 440 1715 algstineret
464 1666 614 1709 portu,
647 1647 688 1694 G*
700 1649 852 1710 stlzerct
882 1651 1102 1710 Magnetas
1135 1651 1181 1693 in
1209 1649 1425 1693 concordia
1462 1643 1505 1691 δ’

236 1726 416 1768 libertate
447 1722 542 1785 ciffis,
578 1741 649 1769 nec
676 1729 752 1783 per‘
782 1726 974 1783 colloquii
991 1722 1167 1782 speciem
1198 1722 1505 1766 multitudinem

227 1798 488 1856 sollicitarer.
524 1795 767 1842 Altercatio
792 1796 895 1842 inde
913 1832 926 1853 ,
948 1812 1040 1841 non
1062 1795 1204 1840 sermo
1221 1830 1235 1851 ‚
1257 1794 1367 1840 fuit:
1404 1809 1524 1839 cum,

238 1868 469 1914 Romanus
496 1880 545 1914 ut
573 1868 769 1930 ingratos
794 1868 1041 1930 increparet
1063 1869 1292 1931 Magnetas
1312 1902 1324 1923 ,
1356 1865 1507 1912 immi-

239 1941 480 2004 nentesque
515 1940 773 2002 praediceret
803 1941 978 1987 clades:
1018 1939 1258 1986 multitudo
1279 1937 1510 2000 obstrepe-

240 2026 333 2073 ret,
356 2032 476 2062 nunc
496 2014 692 2061 senatum
708 2050 722 2072 ‚
741 2031 860 2060 nunc
881 2013 1146 2073 Quinffium
1165 2010 1428 2058 accusando,
1449 2010 1511 2056 ita

241 2087 369 2134 irrito
401 2087 582 2149 incepto
621 2086 785 2133 Villius
815 2086 870 2132 ad
905 2085 1167 2145 Quinctium
1204 2083 1290 2130 sese
1326 2083 1509 2144 recepit.

240 2163 298 2206 At
319 2160 584 2221 QuinElius,
618 2159 778 2205 nuntio
811 2159 866 2204 ad
899 2171 1138 2220 praetorem
1169 2156 1295 2202 miffo
1316 2191 1328 2212 ‚
1355 2168 1406 2201 ut
1439 2171 1513 2201 re-

241 2235 425 2281 duceret
457 2234 640 2280 domum
677 2232 829 2295 copias
850 2266 865 2290 ,
895 2231 983 2294 ipse
1018 2231 1210 2280 navibus
1235 2229 1512 2276 Corinthum

243 2307 387 2354 rediit.

307 2379 407 2428 XL.
431 2376 720 2427 Abstulerunt
743 2391 813 2424 me
832 2375 956 2426 velut
981 2376 1034 2423 de
1053 2373 1189 2443 spatio
1199 2409 1217 2433 ,
1239 2372 1426 2421 Graeciae
1445 2387 1514 2420 res
