1618 2715
220 127 761 178 HISTORIARUM
797 126 923 172 LIB.
959 124 1199 172 XXXVI&
1281 136 1367 188 125

93 235 324 300 posuisset,
351 251 446 280 non
471 249 671 291 corona,
690 232 800 279 ficut
821 230 1046 289 Lamiam,
1064 229 1136 276 sed
1155 229 1369 291 operibus

94 324 356 371 oppugnare
381 307 536 353 urbem
558 306 618 353 est
645 306 840 352 adortus.
874 305 1078 350 Pluribus
1108 303 1235 349 fimul
1256 302 1370 350 locis

95 381 207 428 aries
224 381 580 435 admovebatur3
600 381 649 426 &
667 395 768 425 cum
793 388 1080 441 quaterentur
1097 374 1236 433 muri,
1257 375 1371 421 nihil

96 451 303 499 adversus
323 452 410 498 tale
430 449 771 499 machinationis
797 464 935 512 genus
954 464 1105 510 parare
1120 484 1134 505 ,
1152 447 1370 494 autcom-

96 523 271 570 minisci
291 523 507 586 oppidani
524 522 815 570 conabantur.
832 518 982 568 ‘omnis
998 520 1090 583 spes
1104 522 1151 567 in
1170 521 1301 567 armis
1322 522 1370 568 ὃς

95 596 276 642 audacia
302 607 425 642 erat:
460 593 855 656 emptionibusque
888 594 1052 640 crebris
1083 596 1131 641 &
1159 592 1370 640 stationes

95 669 289 715 hostium
306 704 320 727 ,
340 669 390 715 &
408 684 487 715 eos
515 666 661 731 ipsos,
682 666 758 732 qui
778 666 893 717 circa
919 683 1055 730 opera
1076 668 1125 715 &
1140 666 1370 713 machinas

95 757 250 797 erant,
283 741 533 788 turbabant.

160 818 237 862 VI.
265 815 418 861 Multis
438 827 585 861 tamen
603 814 715 862 locis
734 830 886 862 murus
907 813 1108 862 decufi'us
1128 825 1221 860 erat
1236 851 1249 873 ,
1268 831 1371 861 cum

95 886 279 933 allatum
298 885 382 943 est,
402 885 689 933 successorem
701 922 714 946 ,
735 886 996 949 Apolloniae
1017 886 1224 948 exposito
1242 903 1373 933 exer-

94 961 214 1018 citu,
239 978 317 1023 per
339 961 519 1022 Epirum
541 977 593 1007 ac
609 960 874 1007 Thessaliam
892 960 1059 1006 venire.
1086 961 1204 1006 Cum
1226 960 1373 1005 trede-

97 1033 188 1079 cim
215 1031 409 1078 millibus
429 1031 629 1095 peditum
660 1032 711 1078 &
733 1031 986 1095 quingentis
1006 1031 1232 1094 equitibus
1257 1048 1373 1078 con-

95 1105 163 1153 sul
192 1105 414 1152 veniebat.
448 1106 541 1153 Jam
575 1105 622 1151 in
648 1104 791 1151 finum
813 1104 1056 1152 Maliacum
1088 1115 1302 1149 venerat:
1324 1106 1374 1149 c&

96 1177 327 1242 praemiflis
356 1179 613 1242 Hypatam,
643 1178 722 1242 qui
752 1178 924 1225 tradere
949 1177 1106 1224 urbem
1139 1175 1374 1238 juberent,

96 1252 334 1316 postquam
366 1250 630 1314 responsum
657 1252 743 1310 est,
773 1251 914 1309 nihil,
946 1251 1025 1298 nisi
1058 1268 1113 1298 ex
1145 1251 1376 1300 communi

98 1326 358 1375 AEtolorum
384 1327 566 1373 decreto
577 1362 593 1384 9
614 1324 834 1383 fafitut'offi
866 1342 921 1372 ne
951 1336 1121 1373 teneret
1152 1325 1193 1371 se
1225 1342 1376 1388 oppu-

98 1399 251 1463 gnatio
284 1401 506 1464 Hypatae,
536 1398 745 1444 nondum
769 1396 1003 1459 *Amphissa
1033 1409 1229 1459 recepta,
1261 1415 1376 1458 prce-

98 1472 228 1518 miffo
250 1471 383 1519 fratre
397 1471 633 1529 African0‚
651 1466 921 1532 Amphissam
941 1469 1078 1516 ducit.
1097 1470 1186 1515 Sub
1205 1469 1377 1516 adven-

98 1557 196 1592 tum
218 1561 375 1591 eorum
404 1544 652 1607 oppidani,
671 1543 818 1590 reliffia
848 1542 981 1598 urbe,
1010 1541 1125 1606 (jam
1145 1542 1263 1587 enim
1283 1560 1378 1588 ma·-

100 1636 189 1682 gna
210 1635 263 1664 ex
284 1629 408 1680 parte
428 1618 591 1664 nudata
609 1616 836 1663 mcenibus
855 1614 978 1678 erat)
995 1614 1040 1660 in
1059 1631 1202 1661 arcem
1215 1651 1229 1672 ‚
1245 1630 1378 1677 quam

100 1688 495 1752 inexpugnabilem
522 1688 686 1734 habent
703 1723 715 1743 ‚
735 1703 892 1734 omnes
922 1687 1078 1734 armati
1099 1700 1231 1750 atque
1257 1688 1378 1733 iner-

100 1777 195 1807 mes
230 1759 495 1806 concessere.
527 1758 701 1805 Consul
734 1757 809 1804 sex
843 1757 979 1804 millia
1012 1757 1150 1804 ferme
1179 1758 1379 1819 passuum

101 1832 206 1879 inde
225 1831 371 1894 posuit
391 1832 541 1878 castra.
570 1848 627 1878 eo
646 1831 778 1894 iegati
800 1830 1088 1877 Athenienses
1112 1831 1303 1894 primum
1325 1833 1380 1878 ad

102 1906 150 1951 P.
165 1904 443 1966 Scipionem,
465 1904 744 1968 praegreffum
765 1921 921 1967 agmen
941 1903 1076 1966 (sicut
1095 1915 1196 1949 ante
1214 1904 1379 1950 distum

103 1976 192 2039 est)
212 1977 370 2022 deinde
395 1978 448 2022 ad
469 1977 698 2023 consulem
721 1987 968 2032 venerunt,
991 1976 1277 2037 deprecantes
1296 1991 1381 2036 pro

36 2097 38 2099 ,
106 2047 280 2096 AEtolis.
314 2047 595 2093 Clementius
629 2047 886 2109 responsum
923 2046 978 2092 ab
1012 2046 1228 2092 Africano
1265 2046 1383 2091 tule-

105 2132 211 2168 runt
228 2137 239 2165 ε
258 2119 362 2182 qui,
381 2118 552 2166 causam
572 2119 855 2182 relinquendi
873 2118 1057 2164 honeste
1075 2118 1258 2164 AEtolici
1278 2117 1381 2163 belli

107 2209 339 2256 quaerenS‚
376 2191 520 2238 Afiam
556 2193 605 2239 &
637 2209 782 2255 regem
817 2193 1099 2238 Antiochum
1137 2191 1382 2252 spefflabat,

102 2263 373 2328 iusseratque
406 2265 717 2323 Athenienses,
752 2281 847 2309 non
881 2264 1098 2310 Romanis
1126 2262 1301 2318 solum,
1334 2275 1384 2307 ut

107 2355 262 2400 pacem
290 2339 410 2384 bello
438 2337 742 2400 praescr1·ent‚.
754 2339 824 2384 sed
854 2339 985 2383 etiam
1012 2336 1173 2383 AEtolis
1202 2336 1383 2398 persua-

105 2409 225 2458 dere.
247 2411 489 2469 Celeriter,
512 2410 765 2460 austoribus
783 2410 1123 2458 Atheniensibus
1139 2445 1153 2470 ,
1174 2408 1380 2474 frequens
