1618 2715
208 126 305 189 436
563 124 1130 171 TlTl-L1V11

210 235 266 280 C.
293 232 488 280 Claudio
525 231 702 278 consuli
739 244 1030 293 prorogatum
1066 233 1113 278 in
1151 249 1318 280 annum
1354 233 1505 297 impes

208 308 355 366 rium,
391 308 439 352 &
477 305 622 352 Gallia
659 304 932 366 provincia:
976 306 1054 362 &,
1089 321 1145 351 ne
1183 306 1273 352 lstri
1314 324 1500 370 quoque

208 381 356 436 idern,
391 378 518 441 quod
540 378 590 423 &
614 376 827 439 Ligures,
862 375 1089 432 facerent,
1122 376 1269 424 socios
1300 380 1501 426 nominis

208 452 355 499 Latini
385 451 430 495 in
450 448 617 494 lstriam
638 447 861 502 mitteret,
894 464 1011 510 quos
1041 448 1258 510 triumphi
1287 451 1413 497 causa
1444 452 1501 497 de

208 525 451 589 provincia
479 522 750 569 *deduxiffen
789 523 876 568 Cn.
907 522 1130 568 Cornelio
1157 525 1207 569 &
1227 524 1288 582 Q.
1317 524 1500 571 Petillio

208 596 490 653 consulibus,
507 611 601 657 quo
617 594 686 640 die
707 593 1010 656 magistratum
1029 594 1254 653 inierunt,
1269 595 1501 643 immolan-

207 671 328 718 tibus
349 669 456 718 Jovi
483 668 663 731 singulis
694 669 869 724 bubus,
900 667 966 713 uti
997 667 1110 713 solet
1128 703 1141 724 ,
1177 667 1225 712 in
1245 682 1296 712 ea
1321 668 1464 714 hostia
1482 704 1499 727 ‚

208 764 301 810 qua
321 747 382 805 Q.
402 743 602 790 petillius
622 741 919 799 sacrificavit,
946 742 992 787 in
1014 741 1222 803 jocinore
1249 755 1384 804 caput
1404 760 1501 790 non

207 817 468 864 inventum.
500 814 547 860 id
570 832 674 861 cum
695 815 748 861 ad
771 813 971 861 senatum
997 814 1234 869 retulisset,
1255 814 1379 860 bove
1399 831 1503 876 per-

205 891 335 938 litare
364 888 516 950 jufl'us.
546 889 623 942 De
654 887 910 949 provinciis
932 888 1090 934 deinde
1113 888 1342 936 consultus
1373 888 1502 935 sena-

204 977 279 1011 tus
310 963 427 1009 Pisas
458 964 509 1009 &
538 961 718 1024 Ligures
750 958 1010 1020 provincias
1045 959 1312 1006 consulibus
1346 960 1500 1006 decre-

205 1036 291 1083 vit.
326 1034 415 1082 Cui
439 1033 546 1079 Pisae
565 1032 805 1096 provincia
833 1031 1113 1089 obvenisset,
1144 1050 1248 1079 cum
1268 1032 1498 1096 magistra-—

206 1124 336 1156 tuum
368 1107 668 1154 creandorum
696 1118 872 1166 tempus
903 1104 1007 1150 effer
1022 1141 1035 1161 ‚
1059 1106 1115 1151 ad
1138 1105 1323 1152 comitia
1344 1122 1498 1151 revera

206 1182 241 1227 ti
259 1181 389 1243 juffit,
428 1180 627 1226 additum
656 1179 840 1224 decreto
858 1213 872 1233 ,
906 1191 954 1223 ut
978 1178 1103 1224 binas
1126 1178 1327 1241 legiones
1350 1194 1498 1225 novas

206 1253 453 1300 scriberent
467 1288 479 1310 ‚
500 1256 549 1300 ὅ(
569 1267 780 1299 trecenos
801 1251 997 1314 equites:
1019 1253 1067 1298 ὅ(
1085 1252 1196 1297 (lena
1215 1251 1356 1297 millia
1374 1252 1500 1313 pedi-

205 1338 301 1371 tum
322 1324 454 1370 sociis
482 1321 749 1382 nominique
769 1322 962 1376 Latino,
987 1323 1036 1367 &
1062 1320 1497 1383 sexcenosvimpera-

205 1409 307 1444 rent
327 1396 514 1460 equites.
540 1395 614 1440 Ti,
635 1393 833 1440 Claudio
860 1405 1155 1456 prorogatum
1178 1394 1239 1439 est
1258 1394 1497 1456 imperium

205 1471 253 1518 in
283 1470 328 1516 id
345 1485 545 1531 tempus,
567 1485 660 1530 quo
682 1467 728 1513 in
753 1466 1046 1529 provinciam
1066 1466 1226 1514 consul
1250 1467 1448 1513 veniffer.

272 1545 376 1591 XV.
395 1543 522 1590 Dum
538 1542 590 1587 de
612 1540 679 1587 his
698 1539 829 1586 rebus
851 1540 897 1585 in
916 1540 1070 1587 senatu
1091 1540 1256 1603 agitur,
1274 1540 1360 1586 Cn.
1375 1541 1498 1586 C0r0

205 1617 378 1674 nelius,
409 1627 628 1662 evocatus
664 1629 688 1659 a
722 1612 928 1668 viatore,
967 1629 1067 1658 cum
1100 1612 1272 1674 templo
1307 1613 1497 1675 egreffus

205 1692 312 1739 esset
329 1726 343 1750 ‚
382 1689 519 1751 paulo
551 1687 652 1750 post
684 1686 815 1732 rediit
847 1683 1040 1731 confuso
1072 1685 1236 1742 vultu,
1270 1686 1320 1732 &
1351 1701 1496 1746 expo-

204 1764 292 1811 suit
321 1762 523 1809 Patribus
559 1758 823 1821 conscriptis
842 1794 854 1815 ,
884 1758 1023 1805 bovis
1058 1757 1294 1813 sescenaris
1314 1792 1327 1815 ‚
1358 1775 1494 1821 quem

204 1836 554 1894 immolavisset,
568 1833 693 1896 jecur
715 1832 960 1879 dessuxifl'e.
980 1832 1026 1877 id
1047 1831 1088 1876 se
1103 1830 1357 1877 victimario
1381 1848 1494 1876 nun-

206 1911 337 1960 tianti
357 1926 516 1973 parum
546 1907 835 1962 credentem,
872 1903 1014 1966 ipsum
1044 1921 1206 1966 aquam
1236 1903 1407 1949 effundi
1436 1918 1494 1950 ex

206 1985 321 2043 olla,
343 1983 423 2030 ubi
444 1995 545 2028 exta
571 1990 899 2043 coquerentur,
918 1976 1099 2037 juffiffe:
1120 1978 1171 2022 δε
1194 1975 1349 2022 vidiffe
1373 1988 1494 2022 cete-

205 2075 301 2104 ram
327 2057 545 2119 integram
562 2065 733 2116 partem
753 2064 963 2098 extorum
979 2088 993 2108 ‚
1014 2050 1138 2113 jecur
1153 2068 1289 2096 omne
1315 2052 1494 2096 inenar-

205 2130 408 2178 rabiliter
433 2129 698 2175 absumtum.
730 2126 916 2174 Territis
949 2142 1005 2171 eo
1033 2124 1245 2187 prodigio
1264 2123 1494 2180 Patribus,

206 2203 385 2250 &alter
415 2200 572 2247 conlitl
593 2216 745 2246 curam
775 2198 964 2261 adjecit:
999 2197 1077 2260 qui
1102 2197 1143 2242 se
1162 2231 1175 2252 ‚
1205 2196 1329 2258 quod
1360 2206 1492 2256 caput

204 2276 402 2338 jocinori
437 2273 661 2332 defuisset,
700 2274 842 2320 tribus
874 2271 1016 2318 bubus
1045 2269 1260 2332 perlitasse
1292 2268 1492 2329 negavit.

206 2350 393 2394 Senatus
411 2347 655 2408 majoribus
677 2346 832 2392 hostiis
853 2344 991 2407 usque
1015 2344 1069 2390 ad
1090 2342 1338 2389 litationem
1360 2340 1490 2386 sacri-

214 2422 326 2471 ”cari
357 2423 489 2487 juffit.
520 2423 693 2471 Ceteris
725 2422 828 2470 Diis
852 2421 1106 2485 perlitatum
1138 2417 1314 2465 ferunt:
1353 2415 1490 2464 Saluti
