1618 2715
232 159 290 203 14
583 141 1145 189 T1T1L1v11

223 261 383 308 erant,
416 250 465 296 &
497 248 733 296 obsidione
764 248 975 295 liberatus
1010 246 1197 308 consul,
1230 262 1323 312 quo
1355 244 1507 294 inten-

225 324 379 378 derat,
409 321 634 384 pervenit.

288 394 390 439 X11.
417 393 501 439 Sed
521 410 664 457 neque
693 364 820 455 Boji,
854 408 1000 457 neque
1023 390 1237 455 Hispani,
1271 409 1374 439 cum
1407 392 1508 455 qui·
1560 418 1572 437 -.

224 467 306 514 bus
329 484 385 513 eo
418 484 540 514 anno
569 466 778 513 bellatum
798 477 923 523 erat,
951 477 1042 511 tam
1072 464 1245 512 inimici
1268 464 1509 529 infestique

223 552 351 586 erant
371 539 620 596 Romanis,
647 555 780 601 quam
800 537 1058 585 AEtolorum
1084 554 1205 602 gens.
1232 538 1266 584 li
1295 537 1396 601 post
1428 537 1508 583 de-

223 607 428 675 portatos
448 629 503 658 ex
525 612 702 659 Graecia
729 610 953 657 exercitus
974 607 1122 673 primo
1143 610 1189 658 in
1211 610 1285 674 spe
1304 611 1509 668 fuerant,

223 687 274 732 &
288 684 563 731 Antiochum
580 684 625 731 in
643 701 833 731 vacuam
849 685 1047 746 Europae
1064 685 1376 747 poss‘effionem
1393 700 1509 731 ven-

224 771 403 815 turum3
437 774 517 805 nec
541 757 796 820 Philippum
814 792 827 815 ,
853 768 928 802 aut
954 756 1103 802 Nabin
1131 758 1379 820 quieturos.
1416 756 1510 813 Ubi

225 832 338 880 nihil
363 830 548 894 usquam
576 830 756 878 moveri
778 829 993 876 viderunt
1011 865 1025 888 ‚
1054 828 1312 894 agitandum
1341 829 1510 893 aliquid

223 907 588 969 miscendumque
606 905 690 953 rati
710 942 724 963 ,
743 921 798 952 ne
819 905 1073 952 cunctando
1094 904 1371 951 senescerent
1393 921 1509 952 con-

223 981 344 1036 filia,
371 980 621 1027 concilium
653 979 932 1042 Naupachlm
953 978 1230 1025 indixerunt.
1269 978 1334 1025 lbi
1353 978 1511 1026 Thoas

222 1065 393 1118 praetor
429 1069 619 1110 eorum,
659 1050 930 1114 conquestus
970 1049 1151 1112 injurias
1190 1051 1509 1099 Romanorum

222 1129 472 1193 statumque
500 1126 682 1174 AEtoliae
703 1162 717 1184 ‚
752 1129 865 1187 quod
894 1129 1082 1173 omnium
1120 1127 1287 1171 Graeciae
1322 1128 1508 1188 gentium

223 1205 510 1262 civitatumque
547 1199 899 1263 inhonoratfflmi
939 1200 1031 1266 post
1061 1217 1151 1245 eam
1187 1198 1403 1244 vic‘loriam
1444 1200 1509 1261 ff·

211 1279 338 1339 sent,
376 1276 494 1333 cujus
520 1276 647 1336 causa
666 1274 748 1339 ²21⁷st
761 1271 964 1338 fuiffim,
987 1274 1158 1337 legatos
1190 1274 1361 1321 censuit
1390 1274 1510 1323 circa

224 1365 350 1412 reges
370 1347 642 1402 mittendos,
679 1346 757 1411 qui
789 1363 882 1393 non
906 1345 1049 1391 solum
1077 1358 1300 1392 tentarent
1335 1346 1511 1393 animos

224 1432 410 1479 eorum,
431 1419 503 1466 sed
524 1420 610 1467 suis
630 1436 855 1483 quemque
876 1418 1061 1466 stimulis
1081 1426 1323 1467 moverent
1340 1421 1394 1467 ad
1412 1421 1510 1466 Ro-

223 1510 407 1541 manum
426 1493 606 1539 bellum.
634 1491 927 1540 Damocritus
948 1491 1001 1537 ad
1015 1492 1165 1538 Nabin
1182 1528 1194 1549 ,
1212 1492 1436 1539 Nicander
1455 1491 1511 1538 ad

224 1567 510 1629 Philippum,
539 1565 833 1613 Dicaearchus
865 1564 998 1612 frater
1028 1567 1236 1629 praetoris
1263 1567 1318 1613 ad
1345 1566 1510 1613 Antio·

223 1641 358 1686 chum
378 1640 438 1685 est
457 1638 619 1686 miffus.
651 1640 875 1703 Tyranno
894 1639 1242 1687 Lacedaemonio
1262 1641 1510 1686 Damocri-

225 1725 319 1771 tus,
343 1715 518 1759 ademtis
540 1714 763 1758 maritimis
787 1715 1024 1758 civitatibus
1048 1731 1280 1759 enervatam
1308 1716 1507 1774 tyranni-

225 1791 315 1834 dem
330 1824 345 1845 ,
376 1787 538 1833 dicere.
565 1789 661 1832 inde
681 1787 852 1832 militem
867 1821 881 1843 ‚
908 1790 1004 1832 inde
1024 1806 1153 1833 naves
1173 1789 1507 1849 navalefiluesb-

226 1862 313 1907 cios
345 1857 538 1922 ltabuiffe.
570 1860 775 1920 inclnfitm
796 1860 896 1919 ficis
920 1878 1047 1920 prope
1080 1862 1211 1906 muris
1235 1862 1412 1906 Aclzaeos
1440 1864 1507 1906 νὶ-

225 1937 314 1979 a'ere
345 1935 610 1986 dominantes
633 1936 677 1977 in
706 1934 1004 1992 Peloponneso.
1031 1951 1243 1993 nunquam
1273 1936 1506 1979 habiturum

223 2008 491 2067 recuperandi
505 2007 594 2068 sua
621 2007 870 2071 occasionem
889 2043 903 2063 ‚
918 2007 969 2072 st
998 2027 1113 2063 eam,
1149 2026 1235 2068 quae
1264 2025 1349 2052 turn
1382 2006 1474 2069 effit
1492 2043 1506 2063 ,

217 2080 537 2146 praetermzfiſjet.
569 2082 749 2127 Nullum
771 2084 991 2127 exercitum
1016 2084 1257 2126 Romanum
1282 2085 1326 2126 in
1348 2083 1507 2128 Graecia

225 2154 296 2220 effi
312 2175 326 2202 :
360 2175 432 2202 nec
450 2173 621 2218 propter
639 2157 845 2216 Gytlzium
858 2192 872 2213 ,
906 2173 981 2202 aut
997 2159 1230 2202 maritimos
1249 2159 1356 2201 alios
1373 2160 1509 2201 Laco·

225 2247 307 2274 nas
325 2261 340 2283 ‚
371 2232 543 2291 dignam
570 2228 738 2289 causam
759 2230 1067 2296 existimaturos
1086 2232 1303 2275 Romanos
1318 2263 1331 2285 ‚
1362 2247 1433 2273 cur
1447 2232 1508 2273 le-

225 2306 367 2363 giones
394 2305 440 2348 in
469 2305 674 2349 Graeciam
702 2304 844 2362 rurfits
874 2304 1176 2362 transmittant.
1213 2303 1323 2347 Haec
1351 2300 1405 2347 ad
1439 2299 1510 2345 in-

228 2375 454 2422 citandum
482 2376 680 2422 animum
711 2374 896 2438 tyranni
928 2374 1215 2432 dicebantur,
1240 2385 1315 2431 ut,
1338 2389 1437 2420 cum
1462 2371 1508 2418 in

227 2450 453 2497 Graeciam
475 2449 730 2497 Antiochus
763 2447 1026 2509 trajecisset,
1056 2445 1333 2495 conscientia
1362 2443 1510 2494 viola-
