1618 2715
315 122 1151 173 HISTORIARUML113.XL:
1313 128 1407 191 337

124 246 195 282 tus
221 234 466 282 effunditur
490 233 665 280 castris:
698 233 824 280 fimul
845 234 894 280 δε
915 233 1137 295 peditibus
1163 232 1332 295 {ignum
1353 235 1409 281 ad

124 309 380 354 exeundum
411 307 551 353 datur.
590 305 884 363 Scriboniuq,
902 306 967 352 uti
996 316 1268 368 praeceptum
1290 320 1381 353 erat
1398 343 1415 366 ,

124 377 203 424 ubi
232 378 424 440 primum
459 376 685 423 fremitum
714 376 981 439 equestrium
1008 376 1212 435 audivit,
1244 379 1410 425 avertit

121 467 296 513 equos,
329 453 378 499 &
408 445 545 499 ca‘itra
575 452 749 514 repetit.
792 467 849 497 eo
886 450 1061 497 effusius
1090 450 1212 513 sequi
1245 451 1412 500 hostes·

123 523 274 586 primo
303 523 501 587 equites,
519 540 629 569 mox
649 525 699 570 &
727 523 924 586 peditum
954 523 1068 569 acies
1095 524 1244 570 aderat
1260 559 1274 582 ‚
1293 524 1413 571 haud

126 594 258 641 dubia
279 595 373 657 spe,
396 595 532 643 castra
554 611 610 641 eo
641 595 711 641 die
737 594 778 641 se
806 607 1161 657 oppugnaturos.
1191 597 1413 660 quingen-

126 682 201 717 tos
229 670 403 732 passus,
428 687 522 715 non
551 670 676 731 plus,
699 687 722 716 a
747 669 872 716 vallo
897 669 1093 718 aberant.
1130 673 1311 733 Itaque,
1334 670 1414 718 ubi

128 742 308 790 Flaccus
344 741 444 788 satis
482 741 721 789 abstra&os
756 759 834 788 eos
866 760 888 788 a
924 742 1127 804 praesidio
1162 743 1413 791 castrorum

128 813 310 860 suorum
337 825 455 860 ratus
483 814 571 871 est,
591 814 708 859 intra
738 813 907 860 vallum
942 814 1139 860 exercitu
1172 814 1415 876 insti-ucio,

129 889 273 937 tribus
297 888 494 951 partibus
518 888 647 934 simul
666 889 883 950 erumpit,
903 888 1100 934 clamore
1121 905 1215 934 non
1238 903 1414 938 tantum

130 963 186 1010 ad
208 963 414 1009 ardorem
443 978 606 1024 pugnae
633 962 920 1008 excitandum
946 962 1118 1008 sublato
1135 999 1150 1020 ,
1181 963 1253 1009 sed
1280 966 1416 1012 etiam

131 1048 208 1093 ut,
228 1035 307 1099 qui
333 1035 379 1081 in
401 1034 633 1081 montibus
662 1045 785 1080 erant
801 1069 814 1091 ‚
836 1034 1112 1082 exaudirent.
1143 1049 1225 1083 nec
1248 1038 1418 1085 morati

131 1106 258 1164 sunt,
285 1107 395 1169 quin
431 1107 743 1163 decurrerent,
772 1105 882 1152 sicut
913 1105 1179 1166 imperatum
1213 1122 1336 1166 erat,
1359 1109 1417 1156 ad

133 1180 298 1227 castra:
326 1180 404 1226 ubi
429 1180 632 1241 quinque
654 1177 843 1223 millium
863 1189 1137 1223 armatorum
1153 1214 1166 1236 ,
1192 1196 1287 1225 non
1318 1198 1418 1226 am-

132 1254 251 1316 plius
268 1290 281 1311 ‚
305 1253 505 1299 relictum
524 1265 616 1297 erat
639 1250 902 1313 praefidium.
931 1266 1046 1311 quos
1067 1267 1167 1296 cum
1189 1253 1238 1298 &
1257 1255 1415 1315 pauci-

132 1338 198 1372 tas
217 1325 316 1383 sua,
338 1327 387 1373 &
404 1324 650 1371 multitudo
672 1323 886 1380 hostium,
906 1323 954 1369 &
976 1322 1217 1385 improvisa
1239 1342 1306 1372 res
1327 1339 1417 1372 ter-

133 1400 314 1458 ruisset,
333 1417 474 1463 prope
500 1399 590 1444 fine
621 1396 862 1445 certamine
889 1397 1127 1459 capiuntur
1155 1400 1305 1447 castra.
1340 1417 1418 1447 ca-

135 1471 251 1530 stris,
261 1489 365 1535 -quae
382 1488 481 1535 pars
499 1472 690 1517 maxime
708 1488 731 1517 a
753 1469 1051 1533 pugnantibus
1071 1471 1270 1534 conspici
1285 1484 1418 1535 pote·

134 1558 228 1601 rat,
247 1545 401 1608 injecit
421 1545 589 1592 Acilius
611 1545 773 1607 ignem.

240 1622 434 1666 XXXII.
480 1620 697 1666 Postremi
730 1619 1094 1677 Ceitiberorum,
1133 1619 1210 1684 qui
1244 1619 1289 1666 in
1323 1621 1420 1668 acie

136 1704 286 1749 erant,
309 1691 442 1753 primi
470 1691 690 1737 flammam
718 1691 1007 1754 conspexere.
1043 1692 1203 1739 deinde
1230 1710 1310 1755 per
1342 1705 1423 1740 to-

137 1775 226 1810 tam
256 1764 398 1810 aciem
420 1764 653 1827 vulgatum
680 1764 741 1811 est
758 1801 771 1823 ‚
794 1766 930 1812 castra
952 1766 1099 1812 amissa
1121 1766 1203 1812 effe
1218 1803 1232 1824 ‚
1253 1768 1303 1813 δέ
1320 1778 1419 1814 tum

137 1852 241 1882 cum
275 1836 469 1883 maxime
503 1837 670 1884 ardere.
704 1839 818 1883 unde
859 1840 944 1885 illis
979 1853 1154 1897 terror,
1184 1840 1287 1886 inde
1319 1841 1421 1886 Ro-

138 1907 281 1955 manis
306 1909 479 1954 animus
500 1910 658 1956 crevit.
690 1909 777 1972 jam
813 1911 984 1957 clamor
1014 1911 1196 1957 suorum
1226 1912 1423 1958 vincen-

139 1982 250 2027 tium
274 1982 530 2035 accidebat,
551 1981 639 2042 jam
669 1983 865 2029 ardentia
894 1983 1087 2030 hostium
1120 1984 1258 2030 castra
1289 2002 1425 2048 appa-

139 2054 311 2101 rebant.
343 2055 558 2102 Celtiberi
581 2072 820 2118 parumper
838 2057 1019 2104 incertis
1043 2058 1202 2104 animis
1222 2058 1425 2105 fiufiuati

142 2127 254 2173 sunt.
268 2138 473 2174 ceterum
486 2166 500 2185 ,
520 2129 754 2193 postquam
772 2144 974 2193 receptus
990 2131 1121 2193 pulfis
1142 2131 1289 2177 nullus
1308 2144 1425 2188 erat,

140 2217 227 2247 nec
247 2200 458 2263 usquam,
482 2203 559 2248 nisi
579 2204 624 2248 in
644 2205 883 2250 certamine
899 2240 911 2261 ,
933 2204 1027 2267 spes
1041 2240 1054 2262 .,
1077 2204 1350 2265 pertinacius
1370 2206 1427 2251 de

144 2272 321 2335 integro
348 2273 574 2335 capessunt
604 2292 812 2337 pugnam.
845 2276 953 2322 Acie
985 2276 1129 2322 media
1150 2276 1425 2339 urgebantur

145 2348 304 2393 acriter
324 2365 347 2393 a
367 2348 521 2411 quinta
544 2348 736 2412 legione.
764 2349 973 2395 adversus
995 2349 1159 2396 laevum
1183 2365 1327 2396 cornu
1343 2385 1355 2407 ,
1377 2351 1425 2397 in

140 2434 240 2482 quo
269 2419 334 2466 sui
351 2421 522 2484 generis
544 2422 847 2486 provincialia
869 2422 1029 2471 auxilia
1057 2422 1308 2472 instruxisse
1326 2424 1427 2482 Ro:

1023 2496 1055 2541 B
1082 2496 1110 2542 b
1147 2512 1173 2542 2
