1618 2715
151 107 246 151 ²44
510 81 1067 137 T1T1L1v11

146 197 228 260 qui
250 195 369 259 prius
387 194 608 243 duxissent
623 231 637 252 ‚
656 206 707 241 ut
723 191 884 240 habere
906 209 1000 252 eas,
1018 194 1068 241 &
1082 204 1183 240 ante
1200 208 1296 240 eam
1314 192 1430 240 diem

144 269 239 316 nati
254 304 269 326 ‚
299 269 364 315 uti
384 268 487 330 justi
509 266 588 314 sibi
612 265 740 312 liberi
771 265 1040 329 heredesque
1061 266 1211 312 effent.
1243 278 1433 328 utraque

147 360 218 390 res
239 343 486 405 impetrata.
525 343 598 388 De
619 338 869 386 Formianis
897 338 1205 402 Fundanisque
1235 338 1434 385 munici-

149 417 281 480 pibus
313 418 362 463 &
390 414 681 478 Arpinatibus
712 413 767 460 C.
787 412 992 458 Valerius
1016 414 1198 475 Tappus
1224 411 1433 458 tribunus

145 491 292 554 plebis
311 487 622 552 promulgavit
636 523 649 544 ,
670 486 735 532 uti
756 485 808 531 iis
828 484 1022 548 suffragii
1041 485 1151 531 latio
1177 483 1307 549 (nam
1330 497 1432 532 ante

146 564 240 610 sine
271 561 481 625 suffragio
509 561 752 606 habuerant
781 556 1044 620 civitatem)
1069 557 1185 603 effet.
1216 557 1334 604 Huic
1352 573 1433 603 ro-

148 634 322 701 gationi
354 645 550 697 quatuor
570 631 739 679 tribuni
765 629 932 694 plebis,
959 630 1064 692 quia
1087 645 1183 676 non
1201 646 1256 675 ex
1279 631 1433 676 auclo-

147 710 278 756 ritate
301 707 475 754 senatus
500 705 716 759 ferretur,
742 719 844 749 cum
873 702 1201 748 intercederent
1218 738 1231 760 ‚
1260 702 1433 759 edocti,

151 779 318 844 populi
363 778 480 835 effe,
515 793 610 823 non
646 775 819 822 senatus
851 773 919 835 jus
961 773 1240 838 suffragium,
1274 774 1434 837 quibus

147 855 293 910 velit,
322 851 540 914 impartiri
559 887 572 907 ‚
593 849 854 895 destiterunt
877 848 1074 909 incepto.
1110 847 1307 912 Rogatio
1334 864 1435 910 per-

147 928 235 974 lata
264 926 348 983 est,
368 939 416 971 ut
437 924 481 970 in
499 923 675 970 AEmilia
696 923 814 969 tribu
832 921 1055 968 Formiani
1075 923 1124 968 δε
1143 921 1368 979 Fundani,
1388 921 1439 968 in

149 999 370 1048 Cornelia
401 998 635 1060 Arpinates
664 995 843 1042 ferrent.
886 1007 1018 1057 atque
1053 995 1099 1040 in
1129 995 1196 1040 his
1230 995 1434 1041 tribubus

149 1086 246 1122 tum
270 1072 462 1136 primum
495 1087 551 1116 ex
580 1069 766 1116 Valerio
797 1067 1030 1132 plebiscito
1060 1067 1177 1115 censi
1214 1066 1327 1114 sunt.
1368 1069 1433 1115 M.

149 1147 361 1195 Claudius
380 1145 619 1192 Marcellus
637 1143 816 1202 censor,
840 1144 957 1189 sorte
980 1142 1188 1205 superato
1208 1142 1264 1190 T.
1284 1143 1436 1202 Quin-

149 1221 271 1278 ctio,
306 1218 487 1265 lustrum
523 1216 740 1264 condidit.
780 1215 907 1262 censa
949 1214 1050 1262 sunt
1085 1215 1255 1263 civium
1288 1215 1434 1277 capita

148 1295 343 1340 ducenta
359 1290 683 1354 quinquaginta
701 1289 807 1334 octo
835 1288 972 1334 millia
989 1300 1188 1334 trecenta
1209 1289 1362 1335 decem
1384 1290 1436 1336 &

147 1366 273 1412 octo.
304 1362 464 1410 Lustro
484 1360 704 1426 perfecto,
727 1358 932 1407 consules
958 1359 1003 1405 in
1030 1360 1295 1423 provincias
1323 1377 1435 1424 pro-

149 1437 253 1487 fecti
287 1437 402 1484 sunt,

215 1510 457 1557 XXXVH.
487 1507 648 1553 Hieme
669 1524 722 1552 ea
736 1539 749 1560 ‚
772 1523 860 1568 qua
881 1505 979 1552 haec
999 1506 1160 1551 Romae
1179 1503 1294 1567 gesta
1315 1502 1436 1562 sunt,

150 1584 207 1631 ad
236 1584 324 1629 Cn.
351 1579 602 1636 Manlium,
634 1578 864 1625 consulem
894 1578 1087 1640 primurn
1106 1612 1120 1634 ,
1157 1576 1315 1622 deinde
1349 1591 1436 1638 pro

149 1653 338 1702 consule
355 1689 368 1709 ‚
389 1652 699 1698 hibernantem
722 1651 768 1696 in
795 1650 894 1696 Asia
914 1685 927 1707 ‚
960 1648 1204 1712 legationes
1235 1648 1436 1710 undique

153 1744 210 1774 ex
232 1727 445 1773 omnibus
473 1723 734 1771 civitatibus
761 1721 1081 1786 gentibusque,
1109 1734 1209 1783 quae
1230 1719 1292 1765 cis
1311 1720 1436 1766 Tau-

124 1811 486 1847 ·rum'montem
525 1796 767 1851 incolunt,
803 1792 1150 1841 conveniebant.
1185 1793 1235 1839 &
1267 1804 1316 1837 ut
1343 1792 1438 1838 cla-

149 1872 249 1918 rior
281 1870 571 1931 nobiliorque
601 1866 788 1914 vi&oria
811 1864 1028 1911 Romanis
1064 1865 1117 1910 de
1150 1880 1254 1926 rege
1272 1864 1435 1910 Antio-

148 1944 241 1990 cho
273 1942 383 2000 fuit,
411 1958 543 2004 quam
574 1941 628 1986 de
652 1939 833 1994 Galli33=
859 1937 917 1984 ita
943 1936 1092 1983 laetior
1112 1937 1244 1984 sociis
1267 1949 1361 1983 erat
1381 1938 1435 1983 de

150 2011 320 2073 Gallis,
346 2031 479 2077 quam
506 2013 559 2059 de
581 2012 832 2058 AntiochO.
857 2009 1167 2056 Tolerabilior
1194 2008 1312 2072 regia
1344 2008 1437 2054 ser-

150 2090 275 2138 vitus
303 2088 473 2145 fuerat,
493 2104 627 2151 quam
657 2086 806 2134 feritas
833 2083 1099 2131 immanium
1120 2083 1436 2141 barbarorum,

151 2162 434 2226 incertusque
461 2161 505 2207 in
534 2161 626 2206 dies
645 2173 820 2218 terror,
841 2175 934 2222 quo
952 2158 1080 2207 velut
1099 2156 1332 2220 tempestas
1355 2172 1435 2202 eos

150 2235 425 2299 populantes
453 2231 650 2280 inferret.
679 2234 854 2295 itaque,
877 2242 927 2277 ut
947 2230 1110 2294 quibus
1138 2229 1316 2274 libertas
1343 2231 1437 2273 An-

133 2308 315 2355 -tiocho
344 2305 501 2369 pulso,
523 2321 609 2367 pax
641 2304 784 2352 Gallis
813 2304 995 2351 domitis
1012 2339 1026 2361 ‚
1053 2303 1152 2348 data
1183 2300 1312 2357 effer,
1337 2317 1431 2346 non

151 2381 422 2446 gratulatum
439 2380 582 2428 modo
601 2389 846 2441 venerant,
872 2377 945 2425 sed
975 2390 1170 2426 coronas
1198 2373 1332 2423 etiam
1351 2391 1434 2422 au-
