1618 2715
248 134 792 185 HISTORIARUM
828 135 953 183 LIB.
992 133 1230 182 XXXVII.
1308 145 1399 202 139*

117 250 213 297 lum
232 250 363 297 effet:
388 250 446 296 ita
469 265 562 295 non
583 248 745 294 milites
766 245 911 292 solum
929 280 942 299 ‚
974 242 1045 289 sed
1064 242 1194 288 etiam
1220 242 1398 288 navales

117 323 291 379 socios,
321 323 534 385 remigum
568 323 769 376 turbam,
807 318 966 372 ciuibus
1001 315 1189 378 quisque
1223 327 1399 375 poterat

119 397 219 443 telis
235 433 247 452 ‚
266 408 457 441 armatos
477 396 520 439 in
553 392 956 457 proelium'eduxit.
976 392 1093 438 Tum
1115 405 1296 452 quoque
1317 406 1400 435 an-

121 484 225 529 ceps
255 484 402 530 pugna
433 466 547 522 fuit3
576 483 720 527 neque
746 465 908 510 milites
938 463 1078 509 solum
1108 461 1307 523 aliquot,
1329 459 1400 506 sed

118 541 168 588 L.
198 540 407 602 Apustius
444 538 735 585 tumultuario
769 536 936 598 proelio
967 533 1138 582 cecidit.
1172 532 1401 595 postremo

119 624 268 659 tamen
297 609 377 656 fufi
412 610 642 673 fugatique
676 609 774 656 sunt
808 608 964 672 Lycii,
1000 620 1132 662 atque
1162 605 1208 650 in
1243 605 1401 650 urbem

119 684 337 747 compulsi
358 701 368 729 :
391 686 437 730 &
461 681 658 729 Romani
679 699 778 729 cum
811 682 926 727 haud
945 681 1177 727 incruenta
1210 677 1402 725 vieioria

118 758 176 804 ad
203 773 341 802 naves
377 757 616 802 redierunt.
654 757 758 802 Inde
794 754 839 799 in
871 751 1173 799 Telmifficum
1210 748 1401 812 profeffi

121 829 261 877 finum
279 864 291 884 ‚
313 830 388 891 qui
410 829 545 875 latere
567 845 657 874 uno
685 828 885 882 Cariam,
916 825 1058 871 altero
1080 822 1266 887 Lyciam
1289 838 1403 869 con-

120 903 277 966 tingit,
299 902 454 948 omiffa
485 902 633 947 Patara
664 898 849 961 amplius
879 897 1080 944 tentandi
1112 897 1213 958 spe,
1234 893 1404 942 Rhodii

120 976 307 1022 domum
327 974 483 1020 dimiffi
506 974 617 1019 sunt.
639 972 818 1027 Livius,
836 970 1150 1032 praeterve&us
1168 969 1335 1025 Afiam,
1357 967 1404 1014 in

124 1046 346 1093 Graeciam
368 1046 622 1103 transmisit,
641 1059 710 1100 ut,
732 1044 971 1092 conventis
992 1042 1304 1104 Scipionibus,
1324 1040 1404 1104 qui

126 1129 222 1166 tum
248 1118 372 1165 ¹circa
393 1119 422 1164 Ί
441 1119 658 1165 ὴεθῇῐὶῑιη]
681 1130 801 1164 erant
818 1153 830 1175 ‚
850 1117 894 1162 in
922 1115 1084 1163 ltaliam
1104 1113 1337 1173 trajiceret.

189 1192 333 1238 XVH.
362 1190 585 1248 AEmilius‚
611 1189 843 1253 postquam
875 1187 1049 1236 omiffas
1072 1187 1115 1234 in
1149 1187 1287 1251 Lycia
1306 1202 1404 1244 res,

124 1265 175 1312 &
195 1264 372 1311 Livium
396 1264 645 1327 profechun
664 1267 707 1309 in
734 1264 898 1310 ltaliam
919 1262 1145 1327 cognovit
1160 1298 1173 1320 ,
1192 1279 1295 1309 cum
1313 1260 1406 1322 ipse

124 1339 180 1384 ab
213 1337 383 1399 Epheso
400 1373 413 1396 ‚
435 1336 634 1400 repulsus
655 1336 937 1399 tempestate,
958 1335 1083 1382 irrito
1116 1336 1298 1398 incepto
1326 1336 1406 1382 Sa-

124 1429 247 1458 mum
273 1411 521 1459 revertiffet
535 1447 549 1468 ‚
568 1423 696 1474 turpe
719 1424 834 1459 ratus
852 1447 865 1468 ‚
885 1423 1050 1457 tentata
1072 1408 1226 1456 frustra
1252 1409 1406 1455 Patara

125 1484 235 1542 effe,
267 1483 490 1546 proficisci
522 1501 576 1531 eo
598 1497 693 1530 tota
719 1484 846 1530 ciaffe
862 1519 874 1539 ‚
894 1486 942 1531 &
960 1483 1126 1530 summa
1155 1482 1203 1530 vi
1228 1480 1406 1544 aggredi

125 1557 281 1603 urbem
313 1557 473 1603 statuit.
504 1556 709 1603 Miletum
733 1558 781 1603 &
810 1569 1000 1602 ceteram
1025 1571 1151 1602 oram
1177 1552 1407 1600 sociorum

126 1630 434 1692 praetervecti,
459 1630 504 1676 in
533 1628 838 1692 Bargylietico
869 1627 965 1674 finu
989 1625 1321 1674 exscenfionem
1350 1623 1408 1670 ad

125 1703 285 1750 Jaffiim
306 1702 522 1751 fecerunt.
541 1703 714 1751 Urbem
736 1702 908 1764 regium
927 1702 1106 1748 tenebat
1127 1699 1406 1762 praesidium:

127 1792 283 1838 agrum
303 1777 419 1824 circa
441 1777 634 1824 Romani
653 1775 871 1822 hostiliter
893 1775 1158 1840 depopulati
1177 1770 1405 1821 sunt.Mis·

129 1849 182 1896 sis
215 1849 397 1907 deinde,
428 1851 505 1916 qui
536 1868 613 1912 per
638 1849 866 1912 colloquia
899 1851 1152 1913 principum
1183 1849 1233 1895 &
1263 1846 1406 1909 magi·

127 1921 341 1969 stratuum
372 1937 593 1971 tentarent
618 1924 819 1981 animos,
839 1923 1072 1987 postquam
1102 1922 1214 1969 nihil
1243 1921 1287 1968 in
1321 1936 1408 1982 po·

129 1994 280 2041 testate
312 1995 383 2042 sua
411 1995 734 2058 responderunt
753 1996 835 2042 effe
851 2033 863 2054 ,
883 1996 936 2041 ad
962 1996 1115 2042 urbem
1137 2009 1406 2057 oppugnan-

127 2066 225 2111 dam
253 2066 386 2112 ducit.
422 2070 557 2113 Erant
578 2067 824 2114 Jass'ensium
845 2066 1014 2116 exsules
1036 2084 1134 2115 cum
1157 2063 1407 2113 Romanis:

129 2138 162 2186 ii
182 2137 435 2200 frequentes
465 2137 669 2185 Rhodios
699 2155 827 2186 orare
855 2139 1132 2198 institerunt,
1153 2142 1214 2185 Ne
1242 2140 1405 2194 urbem,

127 2209 170 2256 δ’
186 2213 366 2256 vicinam
372 2210 459 2275 fibi
476 2245 489 2266 ‚
513 2208 555 2256 δ’
572 2227 787 2273 cognatas-72
799 2247 811 2268 ‚
830 2215 1053 2258 innoxiam
1072 2214 1204 2273 perire
1216 2210 1404 2269 sinerent.

127 2289 161 2332 S
165 2286 223 2329 ibi
251 2285 388 2349 exstls'i
407 2289 565 2330 nullam
586 2288 715 2330 aliam
734 2285 897 2344 caustzm
918 2283 986 2346 effe
1001 2319 1013 2341 ,
1034 2302 1154 2346 quam
1165 2283 1294 2340 fidem
1315 2298 1406 2342 erga

127 2361 358 2405 Romanos.
373 2362 535 2405 Eadem
556 2363 598 2405 vi
613 2362 810 2422 regiorum
823 2394 835 2413 ,
852 2378 931 2419 qua
950 2355 1268 2422 ipstpulfisitn,
1284 2356 1406 2401 teneri

125 2448 221 2490 eos,
255 2433 327 2492 qui
349 2434 394 2478 ia
421 2433 515 2479 urbi:
547 2446 755 2481 maneant.
790 2433 976 2479 omnium
1004 2427 1251 2495 Jaffenfium
1277 2443 1406 2474 unam
