1618 2715
262 113 805 161 HISTORIARUM
850 116 977 161 Ltss.
1012 115 1248 162 XXXVII.
1323 117 1410 179 167

129 219 233 281 quia
262 219 431 266 flumen
459 220 514 266 ab
547 236 597 267 ea
619 237 741 283 parte
774 221 972 283 ripaeque
1000 221 1196 282 deruptae
1231 221 1411 269 claude*

129 292 250 338 bant.
289 303 483 355 quatuor
518 304 668 339 tamen
695 293 798 339 inde
826 305 984 339 turmae
1020 292 1223 354 equitum
1261 310 1410 356 oppo-

129 363 233 409 sitae.
261 364 369 410 Haec
403 363 570 410 summa
592 364 822 427 copiarum
847 375 940 409 erat
959 364 1176 410 Romanis
1196 399 1210 422 ‚
1246 365 1296 410 &
1316 366 1410 411 duo

128 435 267 482 millia
287 434 533 482 mixtorum
550 438 852 483 Macedonum
868 436 1210 499 Thracumque,
1223 436 1300 499 qui
1321 453 1409 482 vo·

127 509 298 554 luntate
320 508 457 555 secuti
479 526 617 557 erant.
653 509 712 556 Hi
737 509 940 572 praefidio
962 509 1102 555 reliffl
1123 508 1221 556 sunt
1242 510 1405 558 castris.

130 583 362 629 Sexdecim
399 585 660 646 elephantos
697 584 794 647 post
824 583 1000 630 triarios
1032 584 1078 629 in
1112 583 1303 630 subsidio
1333 584 1407 630 lo-

127 671 359 703 caverunt,
403 675 536 715 nam,
581 670 878 720 praeterquam
914 658 1039 719 quod
1075 657 1405 702 multitudinem

127 727 355 790 regiorum
389 730 731 791 elephantorum
772 728 927 792 (erant
956 740 1103 774 autem
1131 741 1327 790 quatuor
1355 730 1406 774 &

128 799 484 863 quinquaginta)
517 801 726 846 sustinere
758 816 851 845 non
875 799 1142 845 videbantur
1170 800 1322 860 poffe,
1350 816 1406 844 ne

126 869 223 932 pari
255 871 434 932 quidem
465 887 653 917 numero
682 870 842 917 Indicis
870 871 1013 917 Africi
1046 870 1278 924 resistunt3
1311 870 1406 916 five

126 943 231 1005 quia
262 943 564 1004 magnitudine
583 978 597 1001 ,
629 943 794 1006 (longe
815 943 934 989 enim
965 942 1030 988 illi
1049 941 1280 1006 praestant)
1310 942 1404 990 five

126 1015 296 1061 robore
323 1015 576 1062 animorum
597 1016 855 1062 vincuntur.

189 1089 285 1134 XL.
304 1089 443 1151 Regia
465 1089 578 1135 acies
597 1089 718 1136 varia
738 1088 875 1150 magis
894 1087 1042 1134 multis
1063 1086 1264 1150 gentibus
1277 1121 1289 1140 ‚
1310 1084 1401 1131 dis-

123 1161 409 1207 similitudine
442 1178 669 1209 armorum
707 1162 1068 1224 auxiliorumque
1107 1173 1212 1206 erat.
1247 1160 1401 1205 decem

124 1234 177 1280 &
210 1232 283 1279 sex
321 1233 456 1280 millia
495 1235 692 1297 peditum
735 1250 861 1280 more
897 1233 1200 1279 Macedonum
1244 1230 1401 1277 armati

122 1303 275 1363 fuere,
309 1306 386 1368 qui
421 1306 683 1369 phalangitae
717 1306 1066 1368 appellabantur.
1120 1303 1216 1349 haec
1254 1301 1399 1347 media

123 1369 240 1428 acies
269 1378 355 1426 fuit
384 1379 428 1425 in
454 1379 629 1437 fronte,
658 1380 704 1425 in
725 1380 877 1427 decem
897 1393 1044 1441 partes
1064 1376 1218 1423 divisa.
1252 1378 1402 1421 Partes

123 1468 196 1498 eas
216 1452 487 1514 interpositis
506 1452 621 1499 binis
642 1452 881 1514 elephantis
902 1450 1208 1513 distinguebat:
1228 1465 1251 1495 a
1270 1447 1400 1493 fron-

124 1538 169 1572 te
198 1526 415 1572 introrsus
438 1526 484 1572 in
507 1527 622 1573 duos
646 1529 694 1574 δε
713 1526 891 1589 triginta
919 1524 1100 1572 ordines
1121 1534 1399 1569 armatorum

124 1599 241 1646 acies
271 1599 461 1662 patebat.
494 1599 584 1645 hoc
612 1600 662 1646 &
687 1598 867 1645 roboris
891 1598 940 1644 in
959 1597 1089 1660 regiis
1113 1594 1256 1656 copiis
1280 1606 1400 1647 erat,

122 1673 176 1718 &¹
192 1707 204 1727 ‚
222 1670 404 1733 perinde
428 1688 529 1718 cum
554 1671 637 1717 alia
657 1670 799 1732 specie
817 1706 830 1726 ‚
858 1682 953 1716 tum
975 1667 1271 1715 eminentibus
1293 1678 1398 1711 tan-

123 1757 217 1789 tum
254 1743 370 1789 inter
405 1755 598 1790 armatos
630 1742 903 1804 elephantis,
932 1757 1141 1804 magnum
1174 1751 1399 1784 terrorem

123 1812 365 1873 praebebat.
418 1814 619 1874 Ingentes
657 1810 736 1873 ipsi
773 1823 910 1857 erant.
949 1810 1169 1857 addebant
1205 1808 1399 1870 speciem-

123 1883 359 1941 frontalia‚
386 1886 435 1930 &
458 1883 598 1929 cristae
613 1919 626 1940 ‚
652 1885 701 1930 &
718 1895 843 1946 tergo
866 1882 1085 1944 impositae
1112 1896 1274 1936 turres,
1297 1891 1395 1925 tur-

122 1956 330 2018 ribusque
358 1948 676 2018 superstantes,
708 1966 869 2016 praeter
902 1954 1120 2000 reCmrem
1140 1986 1154 2008 ‚
1188 1947 1399 2013 quaterni

120 2028 290 2074 armati.
325 2030 393 2074 Ad
416 2029 529 2074 latus
559 2028 791 2073 dexterum
821 2027 1177 2089 phalangitarum
1205 2022 1326 2068 mille
1345 2022 1396 2068 δε

120 2100 396 2163 quingentos
428 2100 598 2163 equites
630 2099 1015 2163 Gallograecorum
1049 2097 1277 2160 opposuit.
1325 2094 1398 2140 his.

121 2174 205 2220 tria
232 2173 370 2219 millia
393 2174 590 2235 equitum
618 2174 909 2221 loricatorum
945 2172 1282 2237 (cataphraftos
1309 2168 1391 2230 ipfi

120 2246 366 2309 appellant)
387 2247 604 2307 adjunxit.
634 2247 780 2294 addita
796 2247 863 2294 his
883 2247 949 2294 ala
964 2246 1084 2293 mille
1103 2245 1240 2290 ferme
1259 2242 1390 2305 equi-

119 2331 241 2362 tum:
272 2334 421 2380 agema
451 2335 546 2364 eam
575 2318 811 2365 vocabant.
843 2318 966 2364 Medi
983 2330 1109 2362 erant
1141 2313 1240 2361 leeti
1267 2313 1357 2359 viri
1375 2347 1397 2370 ᾗ.

118 2390 169 2436 ὃς
187 2388 380 2451 ejusdem
402 2391 600 2453 regionis
631 2391 760 2440 mixti
778 2392 1019 2440 multarum
1038 2389 1239 2454 gentium
1265 2386 1390 2451 equi:—

1040 2467 1075 2510 L
1109 2481 1140 2522 4
