1618 2715
208 124 293 170 232
456 138 459 140 v
564 107 1132 160 T1T1L1V11

200 216 263 263 set
277 252 290 273 .,
308 233 442 281 quam
463 218 588 281 quod
607 218 809 281 conspici
830 219 1193 282 proficiscentem
1211 221 1384 271 claffern
1404 233 1493 273 n02

200 290 350 347 lebat3
385 291 486 354 post
514 291 618 338 solis
639 291 846 339 occasum
868 295 1094 357 profectus
1113 296 1387 362 septuaginta
1408 317 1491 346 na-

199 364 337 410 vibus
372 364 524 422 tectis,
566 377 710 411 vento
745 365 970 426 adverso,
1004 379 1106 415 ante
1138 369 1284 425 lucem
1324 371 1490 435 Pygela

196 449 384 501 portum
410 437 567 485 tenuit.
605 438 685 484 ubi
714 455 815 488 cum
844 440 1041 488 interdiu
1078 442 1140 488 ob
1165 446 1349 491 eandem
1378 463 1489 492 cau-

198 510 288 559 sam
313 529 370 570 qv
362 511 527 568 ieffet⁹
557 511 721 559 nocte
710 530 756 559 ιη
780 515 988 576 proxima
1009 516 1166 563 Samiae
1193 529 1321 565 terrae
1355 519 1487 581 traje-

196 584 274 632 cit.
302 584 419 630 Hinc
435 585 493 630 ΝΞ
484 547 669 631 c’andro
687 587 885 649 quodam
902 582 1169 651 archipirata
1187 591 1385 655 quinque
1404 609 1486 639 nau

196 657 333 704 vibus
355 657 478 703 tectis
495 656 752 705 Palinurum
773 657 886 720 {uffo
915 673 1093 742 petere,
1119 674 1252 726 atque
1281 663 1386 712 inde
1411 682 1486 712 ar-

195 742 367 787 matos,
402 746 488 793 qua
508 732 768 793 proximum
792 749 872 796 per
891 749 1023 797 agros
1044 734 1127 781 iter
1147 735 1279 794 estet,
1309 737 1486 784 Panor-

195 820 318 849 mum
340 803 394 848 acl
415 816 587 866 tergum
606 804 805 851 hostium
829 804 1020 863 ducere,
1041 805 1165 869 ipse
1152 799 1493 867 1nteri1n‚clas-

194 877 240 923 se
265 876 436 934 divisa,
467 890 517 924 ut
541 895 597 924 ex
626 890 813 942 utraque
839 890 965 941 parte
995 879 1142 928 fauces
1167 891 1328 943 portus
1360 893 1487 929 tene·

193 963 263 997 ret
279 987 291 1008 ,
311 952 582 998 panormum
607 952 734 1014 petit.
767 952 1054 1000 Pausistratus
1083 954 1233 1016 primo
1249 989 1264 1012 ‚
1288 965 1339 1001 ut
1369 954 1417 1001 in
1436 971 1486 1003 re
1552 957 1556 961 ’

195 1025 494 1087 necopinata,
523 1025 725 1071 turbatus
757 1041 1029 1088 parumper,
1061 1025 1221 1072 deinde
1243 1037 1370 1073 vetus
1395 1026 1494 1073 mi--

193 1100 286 1158 les,
321 1099 524 1147 celeriter
545 1099 737 1146 collecto
765 1099 949 1158 animo,
980 1112 1097 1146 terra
1125 1099 1283 1148 melius
1313 1101 1481 1159 arceri,

186 1189 330 1236 quam
362 1172 508 1231 mari,
543 1171 691 1218 hostes
724 1171 847 1234 posse
882 1184 1031 1230 ratus,
1070 1183 1266 1219 armatos
1303 1173 1484 1221 duobus

190 1244 448 1307 agminibus
472 1245 528 1291 acl
549 1244 865 1308 promontoria
884 1279 898 1302 ,
929 1260 1030 1308 quae
1055 1243 1269 1292 cornibus
1296 1243 1485 1305 objeffis

195 1319 252 1365 ab
271 1318 364 1364 alto
382 1330 565 1380 portum
587 1316 760 1364 faciunt
776 1353 792 1374 ,
816 1316 964 1364 ducit:
987 1317 1091 1364 inde
1121 1316 1252 1364 facile
1281 1318 1381 1380 telis
1399 1321 1484 1364 a'n-

193 1390 409 1453 cipitibus
429 1389 603 1436 hostem
623 1389 923 1436 submoturus.
950 1389 996 1436 id
1016 1389 1249 1453 inceptum
1266 1388 1359 1452 ejus
1373 1384 1486 1437 Nic-

193 1465 329 1511 ander
350 1482 373 1511 a
397 1479 512 1511 terra
535 1463 657 1511 visus
688 1476 792 1510 *cum
820 1464 1059 1522 turbasset,
1087 1475 1271 1526 repente
1305 1476 1484 1512 mutato

194 1537 390 1583 consilio
404 1574 419 1595 ,
438 1552 578 1583 naves
597 1535 900 1584 conscendere
920 1552 1078 1582 omnes
1100 1535 1237 1596 jubet.
1256 1538 1375 1584 Tum
1397 1553 1483 1583 ve·-

192 1626 249 1656 ro
282 1609 439 1674 ingens
467 1609 631 1673 pariter
661 1603 859 1655 militum
887 1620 1212 1672 nautarumque
1241 1609 1483 1672 trepidatio

193 1696 321 1742 orta,
354 1686 403 1732 &
425 1684 549 1730 velut
572 1682 673 1746 fuga
699 1681 747 1728 i'n
769 1699 908 1730 naves
928 1679 1175 1740 fieriqum
1195 1681 1237 1728 se
1258 1682 1367 1729 mari
1387 1694 1481 1729 ter-

192 1776 331 1824 raque
362 1757 488 1804 fimul
518 1769 751 1804 cernerent
782 1756 1132 1803 circumvento-s.
1168 1755 1480 1816 Pausistratus,

192 1851 329 1882 unam
349 1832 473 1876 viam
491 1829 641 1876 ‘salutis
666 1829 750 1876 effe
777 1841 920 1887 ratus,
942 1828 974 1874 fi
1001 1827 1094 1877 vim
1115 1826 1262 1875 facere
1282 1844 1360 1890 per
1385 1828 1481 1874 fau-

191 1924 265 1955 ces
286 1918 471 1970 portus,
506 1917 637 1967 atque
660 1920 894 1967 erumpere
921 1903 971 1949 -in
997 1900 1118 1949 mare
1149 1914 1352 1965 apertum
1371 1901 1480 1964 pos-

188 1983 281 2039 set,
326 1981 560 2043 postquam
595 1977 897 2025 conscendisse
928 1977 1032 2024 suos
1069 1976 1219 2034 vidit,
1251 1974 1373 2038 sequi
1405 1992 1502 2022 ce->

190 2055 298 2103 teris
326 2054 471 2115 justis,
505 2052 594 2115 ipse
629 2051 838 2114 princeps
868 2050 1096 2098 concitata
1118 2065 1235 2095 nave
1263 2047 1397 2096 remis
1421 2048 1478 2095 ad

186 2128 546 2190 ostium'portus
578 2124 735 2171 tendit.
769 2125 1061 2186 Superantem
1093 2122 1182 2183 jam
1214 2120 1363 2169 fauces
1395 2139 1478 2167 na-

190 2218 298 2248 ·vem
333 2200 428 2262 ejus
457 2196 761 2262 Polyxenidas
795 2195 938 2242 tribus
961 2192 1358 2259 quinqueremibus
1385 2193 1475 2239 cir·-

186 2275 417 2328 cumsistit.
453 2273 594 2321 Navis
629 2270 784 2318 rostris
804 2270 887 2316 icta
910 2269 1229 2332 supprimitur:
1261 2266 1360 2312 telis
1387 2266 1476 2311 ob-

190 2359 382 2393 ruuntur
410 2356 798 2408 propugnatores:
835 2343 952 2389 inter
981 2357 1098 2404 quos
1117 2341 1168 2387 &
1185 2337 1472 2406 Paufistratus

188 2417 378 2481 impigre
414 2433 619 2482 pugnans
643 2414 923 2464 interficitur.
962 2411 1166 2461 Navium
1200 2410 1474 2477 reliquarum
