1618 2715
329 131 873 184 H1sT0R1ARUM
909 138 1037 186 Lis.
1067 139 1184 187 xm.
1324 159 1420 208 447

136 241 240 288 dam
275 240 427 288 animo
459 240 676 300 objeffis,
713 244 947 292 oraculum
980 246 1178 295 aditurus
1210 248 1420 312 Delphos

137 313 347 361 ascendit.
382 316 499 362 Cum
531 314 577 360 in
606 315 751 362 media
773 328 956 379 repente
984 319 1162 366 Graecia
1190 322 1420 384 apparuis-

135 387 224 445 set,
254 403 460 451 magnum
482 405 575 435 non
600 387 799 436 finitimis
827 391 970 437 modo
992 392 1175 439 urbibus
1198 405 1418 444 terrorem

134 461 354 523 praebuit,
384 461 457 507 sed
487 461 533 507 in
557 463 703 509 Asiam
724 479 908 527 quoque
933 465 986 511 ad
1007 481 1154 530 regem
1174 469 1418 515 Eumenem

132 532 318 579 nuntius
346 533 562 582 tumultus
592 534 688 596 ejus
717 535 856 583 venit,
893 537 1141 597 Triduum,
1168 557 1262 587 non
1291 541 1418 603 plus,

132 603 325 667 Delphis
344 619 545 654 moratus
558 643 572 665 ,
591 623 670 669 per
690 607 998 656 Phthiotidem
1018 610 1233 673 Achaiam
1244 649 1259 670 ‚
1279 613 1419 660 Thes-

132 676 372 741 saliamque
393 715 407 738 ‚
445 679 536 727 fine
572 681 740 728 damno
777 680 1029 747 injuriaque
1063 702 1272 748 agrorum
1295 723 1308 745 ‚
1339 704 1419 750 per

129 767 247 813 quos
277 751 362 798 iter
386 751 492 799 fecit
510 788 523 812 ‚
558 752 605 798 in
636 769 825 817 regnum
845 755 992 802 rediit.
1028 755 1125 805 Nec
1152 774 1304 805 earum
1325 771 1419 806 tan-

131 835 227 871 tum
250 825 514 882 civitatum,
542 845 621 889 per
655 844 763 891 quas
798 827 943 876 iturus
969 842 1092 889 erat,
1130 831 1230 879 satis
1265 833 1420 881 habuit

130 897 308 945 animos
340 898 420 946 fibi
442 901 716 948 conciliare:
749 915 825 947 aut
854 901 1024 964 legatos
1040 937 1053 960 ‚
1074 916 1151 951 aut
1178 903 1323 952 literas
1346 906 1416 952 di·-

129 971 249 1018 mifit
264 1008 278 1031 ,
308 985 464 1036 petens
481 1009 496 1030 ,
529 995 579 1021 ne
600 979 762 1022 diutius
776 977 1043 1040 simultatum
1062 1013 1078 1037 ‚
1107 998 1192 1040 qua:
1219 999 1310 1027 cum
1326 1001 1417 1042 pa·-

130 1063 186 1093 tre
206 1048 292 1107 suo
312 1047 521 1111 sitifim,
554 1048 842 1113 meminffnt.
890 1070 961 1097 nec
995 1056 1103 1098 enim
1138 1069 1225 1098 tam
1262 1070 1418 1101 atroces

119 1116 249 1182 fuiffi
278 1137 372 1177 eas,
405 1137 450 1166 ut
483 1140 569 1167 non
603 1140 692 1168 cum
722 1124 812 1182 ipso
834 1126 1072 1183 potuerint,
1106 1143 1155 1171 ac
1179 1128 1416 1181 debuerim,

118 1196 258 1254 finiri.
295 1199 439 1242 Secum
468 1199 631 1255 quidem
665 1200 807 1242 onmia
833 1200 921 1243 illis
942 1200 1097 1260 integra
1122 1197 1192 1262 effi
1218 1204 1279 1245 ad
1299 1203 1417 1266 insti-

131 1270 327 1312 tuendam
345 1270 530 1328 fidelicer
548 1270 708 1314 amicit
713 1287 796 1315 am.
833 1269 950 1314 Cum
977 1270 1250 1316 Achaeorum
1279 1272 1418 1318 maxi-

129 1355 202 1392 me
232 1353 362 1403 gente
386 1342 735 1390 reconciliandae
753 1342 907 1405 gratiae
927 1342 1049 1390 viam
1068 1345 1309 1407 quaerebat.

194 1414 365 1460 XXIII.
394 1416 502 1461 Haec
519 1431 608 1460 una
626 1431 680 1460 ex
704 1414 832 1461 omni
856 1415 1033 1462 Graecia
1052 1433 1184 1479 gens,
1205 1419 1255 1466 δέ
1276 1418 1416 1466 Athe-

129 1484 353 1533 niensium
374 1487 560 1545 civitas,
581 1504 637 1534 eo
659 1487 928 1550 procefi'erat
958 1488 1151 1547 irarum,
1182 1503 1231 1536 ut
1253 1489 1416 1539 finibus

130 1557 419 1606 interdiceret
434 1560 775 1607 Macedonibus.
799 1563 950 1623 Itaque
968 1561 1163 1611 servitiis
1182 1579 1235 1609 ex
1249 1563 1416 1626 Achaia

128 1631 402 1694 fugientibus
418 1634 748 1695 receptaculum
761 1635 1030 1682 Macedonia
1045 1648 1157 1683 erat:
1175 1636 1296 1699 quia,
1312 1654 1413 1684 cum

128 1701 294 1752 finibus
329 1705 415 1752 suis
454 1705 810 1766 interdixiffent,
832 1707 998 1755 intrare
1030 1709 1157 1772 regni
1195 1709 1414 1756 terminos

128 1776 209 1839 ipfi
241 1779 592 1826 non-audebant.
624 1780 671 1825 Id
691 1797 792 1826 cum
812 1780 995 1828 Perseus
1014 1781 1412 1841 animadvertifl'et,

128 1851 462 1913 comprehensis
487 1852 725 1911 omnibus,
752 1853 899 1900 literas
916 1855 1021 1901 ***.
1042 1866 1261 1912 ceterum,
1283 1872 1338 1900 ne
1361 1856 1415 1900 si-

128 1921 246 1967 milis
281 1921 383 1985 fuga
408 1921 644 1968 servorum
678 1922 829 1985 postea
864 1922 1013 1981 fieret,
1040 1924 1330 1987 cogitandum
1364 1926 1414 1972 Sc

128 1993 218 2040 illis
249 1994 346 2042 effe.
375 1995 589 2042 Recitatis
619 1995 686 2042 his
714 1996 851 2043 literis
880 2013 957 2059 per
977 1998 1267 2044 Xenarchum
1298 2015 1414 2061 prae-

127 2079 301 2128 torem,
321 2069 398 2132 qui
421 2069 608 2132 privatae
630 2071 782 2133 gratiae
801 2070 966 2117 aditum
988 2071 1105 2134 apud
1125 2087 1271 2134 regem
1291 2088 1416 2134 quae-
1477 2079 1479 2082 ⁴

129 2141 256 2187 rebat
271 2178 283 2199 ‚
305 2143 355 2188 &
375 2143 597 2206 plerisque
614 2145 844 2191 moderate
862 2146 909 2192 δέ
927 2144 1118 2207 benigne
1136 2144 1315 2207 scriptas
1332 2144 1416 2190 effe

128 2214 411 2263 censentibus
446 2215 621 2275 literas,
643 2232 775 2279 atque
809 2217 875 2264 his
908 2217 1121 2275 maxime,
1142 2218 1220 2280 qui
1253 2230 1424 2280 praeter·

115 2287 249 2350 'spem
281 2290 508 2352 recepturi
534 2292 670 2337 effent
701 2291 849 2338 amiss'a
879 2293 1132 2355 mancipia;
1156 2292 1415 2338 Callicrates

130 2378 184 2407 ex
209 2362 287 2418 iis,
307 2364 387 2425 qui
419 2364 465 2408 in
485 2380 540 2410 eo
563 2365 683 2410 verti
713 2364 892 2412 salutem
918 2366 1060 2429 gentis
1094 2366 1325 2412 crederent
1345 2399 1358 2421 9
1380 2363 1414 2409 fi

124 2451 231 2495 {1¹11}
249 2435 468 2487 Romanis
485 2437 758 2489 inviolatum
777 2437 926 2488 foedus
944 2438 1218 2498 servaretur,
1242 2441 1383 2486 Parva
1394 2471 1410 2499 ,
