1618 2715
4 221 6 233 Ι

4 236 6 260 1

5 261 6 292 l

6 445 8 467 l

6 477 8 496 Ι

6 497 8 516 ἰ

6 569 8 588 l

2 543 8 635 l

247 106 804 155 HISTORIARUM
839 104 968 152 LIB.
1004 105 1201 151 XXXV.
1322 119 1377 167 31

185 216 374 262 XXVII.
409 213 574 272 Nabis,
614 229 717 260 cum
753 210 965 274 prospera
1004 210 1140 257 elatus
1174 226 1252 268 re,
1285 221 1384 259 tum

104 284 226 349 spem
252 285 382 333 etiam
418 285 538 332 haud
567 284 746 330 dubiam
775 282 955 336 mustus,
988 280 1099 326 nihil
1118 279 1203 341 jam
1223 298 1249 327 a
1273 283 1385 329 mari

103 359 294 422 periculi
316 358 413 404 sore
431 394 444 415 9
476 359 526 406 &
556 356 781 404 terrestres
803 355 945 402 aditus
976 354 1181 401 claudere
1205 372 1385 418 oppor-

102 445 212 479 tune
235 432 388 495 positis
406 432 618 495 praesidiis
645 429 808 478 voluit.
845 428 972 475 tertia
1004 440 1128 491 parte
1149 428 1385 491 copiarum

97 506 156 551 ab
186 506 422 552 obfidione
444 504 610 569 Gythii
640 504 850 559 abduCta,
882 502 937 549 ad
956 502 1097 549 Pleias
1126 502 1277 564 posuit
1307 519 1386 550 ca-

102 578 200 625 stra.
233 579 438 626 Imminet
471 580 507 626 is
535 579 665 626 locus
695 579 744 625 &
776 575 932 623 Leucis
951 611 967 633 ,
1001 576 1050 623 &
1082 575 1257 634 Acriis,
1296 593 1387 640 qua

103 653 374 700 videbantur
410 652 558 701 hostes
595 651 842 699 exercitum
881 649 1123 696 admoturi.
1165 651 1286 697 Cum
1323 650 1386 698 ibi

102 723 264 773 stativa
286 726 450 783 essent,
473 727 522 773 &
549 724 682 787 pauci
699 723 981 770 tabernacula
1009 721 1254 781 haberent,
1270 724 1388 770 mul-

102 797 252 844 titudo
274 798 357 845 alia
391 797 508 844 casas
541 813 597 843 ex
630 795 845 843 arundine
881 806 1023 842 textas
1056 793 1247 853 fronde,
1281 812 1388 859 quae

103 870 306 917 umbram
340 870 481 916 modo
508 868 728 931 praeberet
745 902 761 925 ‚
788 866 1022 923 texissent3
1053 866 1311 931 priusquam
1337 867 1387 916 in

104 942 394 1003 conspeetum
412 939 605 986 hostium
625 940 801 986 veniret
820 938 1163 1000 Philopoemen,
1198 940 1386 1003 necopi-

106 1027 284 1061 nantem
304 1031 404 1060 eum
424 1011 678 1075 improviso
705 1027 866 1075 genere
894 1010 998 1057 belli
1024 1011 1202 1074 aggredi
1223 1011 1386 1062 statuit.

102 1086 296 1150 Navigia
333 1103 474 1149 parva
499 1085 546 1131 in
579 1083 814 1131 stationem
844 1082 1072 1130 occultam
1101 1083 1195 1146 agri
1226 1085 1387 1149 Argivi

102 1159 335 1206 contraxit
364 1179 374 1208 :
404 1160 450 1206 in
481 1176 531 1205 ea
563 1157 800 1220 expeditos
831 1156 1027 1213 milites,
1061 1169 1257 1205 cetratos
1286 1159 1386 1222 ple-

104 1232 301 1294 rosque,
331 1249 434 1278 cum
457 1230 605 1276 fundis
636 1231 686 1277 &
718 1227 876 1289 jaculis
905 1229 954 1275 δέ
982 1227 1070 1275 alio
1093 1229 1187 1276 levi
1223 1247 1387 1294 genere

104 1313 371 1358 armaturae,
403 1299 627 1363 imposuit.
665 1299 770 1346 inde
807 1298 939 1345 litora
975 1299 1157 1363 legens,
1197 1317 1298 1348 cum
1330 1302 1388 1349 ad

104 1376 414 1439 propinquum
432 1374 582 1422 castris
612 1373 806 1419 hostium
832 1374 1205 1435 promontorium
1235 1377 1385 1422 venis-

106 1447 170 1494 set
187 1483 200 1505 ,
230 1447 420 1510 egressus
441 1446 626 1493 callibus
656 1444 803 1503 notis,
832 1445 963 1492 no&e
986 1445 1125 1492 Pleias
1151 1449 1385 1508 pervenit:

108 1520 183 1576 &‚
216 1518 376 1581 sopitis
405 1517 639 1582 vigilibus,
663 1528 714 1562 ut
739 1516 785 1561 in
809 1516 936 1562 nullo
956 1519 1214 1581 propinquo
1237 1532 1385 1576 metu,

104 1590 254 1654 ignem
281 1593 386 1638 casis
407 1592 462 1637 ab
485 1591 610 1636 omni
638 1601 760 1653 parte
779 1590 1023 1637 castrorum
1051 1590 1219 1651 injecit.
1252 1593 1385 1639 Multi

105 1665 230 1728 prius
256 1663 469 1710 incendio
492 1663 677 1710 absumti
699 1663 826 1720 sunt,
857 1679 986 1726 quam
1007 1663 1200 1710 hostium
1219 1665 1383 1712 adven-

105 1748 204 1783 tum
242 1735 484 1784 sentirent:
528 1738 610 1794 &‚
648 1736 725 1799 qui
759 1735 1008 1793 senserant,
1044 1737 1211 1784 nullam
1249 1755 1386 1802 opem

105 1809 223 1856 ferre
241 1822 498 1872 potuerunt.
530 1813 666 1856 Ferro
695 1809 961 1873 flammaque
989 1809 1141 1855 omnia
1162 1810 1384 1859 absumta:

105 1884 319 1947 perpauci
340 1896 488 1929 tamen
516 1900 569 1928 ex
602 1896 691 1929 tam
723 1883 908 1945 ancipiti
939 1882 1058 1945 peste
1082 1883 1137 1929 ad
1156 1885 1385 1948 Gythium

107 1956 155 2002 in
175 1956 344 2014 majora
363 1956 502 2002 castra
524 1955 829 2019 pei-fugerunt.
847 1959 907 2002 Ita
928 1957 1138 2018 perculsis
1160 1957 1387 2017 hostibus,

104 2028 421 2089 Philopoemen
452 2029 659 2091 protinus
687 2030 741 2075 ad
765 2029 1124 2091 depopulandam
1157 2031 1387 2092 Tripolim

104 2100 323 2146 Laconici
350 2101 471 2162 agri,
494 2102 572 2163 qui
606 2101 838 2162 proximus
873 2094 1004 2146 finem
1030 2102 1387 2164 Megalopolita-

104 2189 204 2219 rum
226 2174 312 2228 eff,
350 2174 504 2221 duxit:
539 2177 614 2230 δέ,
641 2192 796 2237 magna
820 2176 863 2222 vi
884 2192 1098 2237 pecorum
1124 2177 1388 2223 hominum-

104 2259 194 2308 que
224 2246 326 2291 izv-je
364 2246 572 2308 abrepta,
605 2246 858 2310 priusquam
891 2265 915 2293 a
945 2249 1127 2312 Gythio
1164 2262 1389 2312 tyrannus

104 2318 353 2381 praesidinm
388 2322 501 2382 agris
536 2319 765 2377 mitteret,
807 2321 1009 2368 disceffit.
1052 2322 1156 2367 Inde
1191 2322 1389 2385 Tegeam

104 2393 307 2440 exercitu
336 2393 602 2454 commin),
631 2393 922 2458 concilioque
952 2393 1113 2442 eodem
1139 2396 1188 2443 &
1206 2394 1384 2444 Achaeis
