1618 2715
267 93 808 142 HlssTORIARUM
846 94 973 141 LIB.
1003 92 1226 141 XXXIX.
1328 109 1417 158 333

142 202 421 248 commissum
455 200 543 257 est,
571 201 740 248 saevum
766 213 896 262 atque
921 211 1083 246 atrox:
1115 199 1231 246 inter
1256 202 1422 263 pocula

144 288 275 338 atque
306 276 477 336 epulas,
501 275 580 321 ubi
606 275 742 321 libare
764 274 867 322 Diis
896 273 1028 335 dapes
1041 309 1056 330 ,
1076 272 1153 320 ubi
1181 273 1298 327 bene
1320 292 1424 337 pre-

145 348 234 392 cari
256 365 355 394 mos
384 348 515 405 esset,
535 349 590 393 ad
611 347 906 410 speeiaculum
938 344 1076 393 scorti
1104 347 1309 408 procacis
1328 383 1342 404 ,
1374 348 1423 394 in

145 416 242 463 finu
264 416 460 464 consulis
482 418 735 464 recubantis
749 454 762 476 ‚
783 417 1011 463 maflatam
1034 417 1273 467 humanam
1295 419 1423 466 viui-2

146 507 262 536 mam
284 491 367 537 effe
383 528 396 547 ,
418 493 466 537 8<
487 508 648 538 cruore
667 490 859 538 mensam
884 491 1134 553 respersam.
1156 495 1205 539 In
1226 506 1426 540 extrema

147 565 354 610 oratione
381 566 568 611 Catonis
600 565 804 612 conditio
835 565 1055 625 Quinffio
1086 564 1257 624 fertur,
1288 579 1365 625 ut,
1392 569 1424 613 fi

147 637 194 684 id
214 638 371 684 saelum
396 652 590 701 negaret,
612 651 845 703 ceteraque
859 676 872 698 ‚
891 656 992 702 quae
1015 639 1267 701 objecifl'et,
1288 640 1426 704 spon·
1444 632 1450 638 ⁴

148 710 273 756 {ione
293 709 548 757 defenderet
570 711 677 758 sese:
696 712 758 759 sm
778 711 1002 769 fateretur,
1024 711 1330 775 ignominiane
1352 713 1422 759 sua

148 798 399 844 quenquam
418 782 662 829 doliturum
673 783 885 841 censeret,
900 799 1001 829 cum
1020 782 1126 845 ipse,
1141 783 1255 831 vino
1271 785 1322 831 &
1338 787 1427 829 Ve-

150 869 255 898 nere
270 869 443 910 amens,
461 851 670 916 sanguine
687 853 883 901 hominis
896 854 941 900 in
959 854 1186 901 convivio
1205 855 1391 902 lusiffet?

230 928 389 972 XL1V.
425 930 474 973 In
502 927 703 988 equitatu
734 927 1106 991 recognoscendo
1142 929 1190 976 L.
1220 929 1426 991 Scipioni

152 998 351 1062 Asiageni
376 999 574 1045 ademtus
605 1015 760 1062 equus.
795 999 841 1046 in
873 1000 1071 1046 cenfibus
1095 1017 1279 1065 quoque
1304 1003 1428 1049 acci-

152 1073 324 1134 piendis
351 1073 483 1119 tristis
508 1075 557 1121 &
586 1072 732 1135 aspera
768 1072 814 1119 in
843 1089 1000 1121 omnes
1033 1074 1214 1121 ordines
1242 1074 1428 1122 censura

152 1144 253 1191 fuit.
290 1146 568 1191 Ornamenta
588 1148 637 1192 &
659 1145 824 1192 vestem
844 1146 1106 1192 muliebrem
1126 1149 1176 1194 &
1199 1146 1427 1204 vehicula,

148 1233 250 1279 quae
271 1217 437 1279 pluris,
466 1234 600 1279 quam
624 1217 882 1281 quindecim
910 1218 1099 1264 millium
1126 1219 1246 1276 aeris,
1267 1218 1429 1275 essent,

150 1290 197 1334 in
221 1289 397 1335 censum
419 1289 584 1336 referre
598 1290 792 1338 viatores
812 1289 942 1351 justit.
976 1291 1083 1337 item
1102 1291 1321 1353 mancipia
1339 1292 1430 1337 mi-

154 1379 266 1408 nora
286 1363 410 1409 annis
429 1363 612 1426 viginti,
635 1381 736 1426 quae
757 1363 855 1426 post
874 1363 1133 1426 proximum
1151 1363 1334 1410 lustrum
1356 1366 1429 1412 de-

153 1452 250 1482 cem
277 1436 471 1482 millibus
502 1436 626 1491 aeris,
649 1449 722 1482 aut
749 1453 804 1483 eo
834 1436 998 1497 pluris,
1023 1436 1270 1494 venissent,
1289 1437 1354 1483 uti
1381 1456 1431 1485 ea

155 1524 338 1571 quoque
372 1507 514 1554 decies
544 1521 672 1554 tanto
703 1508 840 1571 pluris
861 1544 875 1566 ,
910 1525 1042 1571 quam
1075 1509 1228 1571 quanti
1262 1509 1429 1567 essent,

155 1581 506 1636 aesti1narentur3
539 1581 674 1628 &his
703 1581 834 1627 rebus
856 1580 1066 1626 omnibus
1095 1580 1208 1626 terni
1228 1580 1273 1626 in
1293 1581 1431 1628 millia

155 1654 254 1700 aeris
287 1655 648 1700 attribuerentur.
691 1670 852 1716 aquam
882 1654 1107 1715 publicam
1142 1669 1350 1712 omnem,
1381 1655 1430 1701 in

157 1728 383 1790 privatum
416 1727 656 1774 aedificium
688 1739 763 1775 aut
795 1745 947 1790 agrum
979 1727 1221 1785 fluentem,
1253 1730 1434 1775 ademe-

155 1814 288 1857 runt3
323 1803 398 1860 ὅτ,
428 1819 530 1865 quae
558 1802 603 1847 in
639 1801 738 1848 loca
769 1801 946 1863 publica
976 1801 1243 1848 inaedificata
1265 1803 1433 1849 immo-

156 1873 297 1919 litave
317 1874 483 1935 privati
503 1874 721 1920 habebant
740 1909 753 1931 ,
773 1874 888 1920 intra
910 1874 1001 1921 dies
1022 1874 1201 1938 triginta
1227 1875 1435 1924 demoliti

157 1944 271 1992 sunt.
300 1947 453 2007 Opera
474 1945 630 1991 deinde
650 1945 850 1991 facienda
876 1961 932 1990 ex
959 1945 1134 1992 decreta
1153 1946 1198 1992 in
1223 1963 1317 1992 eam
1339 1963 1434 1993 rem

160 2018 347 2081 pecunia
362 2053 375 2075 ‚
402 2019 520 2065 lacus
547 2017 806 2063 sternendos
835 2017 978 2079 lapide
994 2054 1006 2075 ‚
1029 2017 1400 2082 detergenclasque
1419 2054 1435 2076 ,

160 2107 244 2153 qua
265 2107 381 2152 opus
399 2091 517 2148 effet‚
539 2090 710 2136 cloacas
726 2106 739 2144 3
757 2089 803 2135 in
825 2089 1056 2136 Aventino
1076 2091 1125 2136 &
1143 2090 1188 2134 in
1211 2089 1304 2135 aliis
1326 2106 1433 2150 par-

158 2164 276 2209 ribus
292 2199 304 2218 ‚
323 2180 410 2225 qua
428 2162 629 2208 nondum
649 2174 773 2207 erant
789 2197 802 2218 ‚
819 2160 1040 2208 faciendas
1063 2161 1346 2207 locaverunt.
1375 2163 1432 2206 Et

161 2228 391 2289 1eparatim
427 2228 610 2273 Flaccus
642 2226 808 2272 molem
841 2228 895 2272 ad
926 2226 1173 2287 Neptunias
1204 2241 1361 2287 aquas,
1384 2236 1434 2270 ut:

163 2300 246 2345 iter
269 2300 442 2362 populo
464 2299 582 2356 effer,
603 2301 652 2345 &
671 2298 789 2345 Viam
808 2315 886 2361 per
904 2298 1188 2344 Formianum
1215 2308 1433 2345 montem.

165 2374 284 2421 Cato
317 2373 424 2420 atria
449 2373 541 2420 duo
557 2408 571 2433 ,
591 2371 806 2419 Maenium
831 2375 879 2421 ὀζ
906 2370 1077 2419 Titium
1106 2370 1153 2418 in
1179 2370 1432 2429 lautumiis,
