1618 2715
256 132 796 191 HISToRtARUM
834 138 959 183 ΜΒ.
998 136 1224 183 xxxvi.
1298 150 1386 196 ,ογ

101 247 336 296 discrimen
360 264 522 310 pugnae
554 244 764 291 voviss'et.
795 245 987 290 Novum
1018 254 1153 305 atque
1183 240 1388 304 iniquum

101 320 324 384 postulare
350 318 411 364 est
433 318 567 364 visus.
601 316 865 363 censuerunt
895 331 1003 377 ergo
1019 349 1031 372 ,
1054 332 1155 375 quos
1174 317 1296 360 ludos
1318 317 1390 359 in-

100 415 175 442 con
200 399 287 440 ulto
305 393 458 453 senatu
481 410 532 435 ex
543 391 630 450 sua
655 389 999 448 mziussememia
1025 385 1218 449 voviffit‚
1243 404 1308 431 eos
1328 388 1392 431 uti

100 471 149 514 de
176 467 414 519 manubiis,
432 463 483 527 sl
506 482 628 524 qaam
652 463 873 521 pecuniam
894 462 954 504 ad
980 462 1029 504 id
1054 455 1302 521 reservaffit,
1322 461 1393 503 vel

90 541 179 602 fita
209 540 293 601 ipſs?
319 537 502 597 impensa}
521 535 693 594 faceret.
731 549 808 579 eos
839 532 971 578 ludos
1000 548 1079 593 per
1107 531 1200 577 dies
1236 530 1392 576 decem

104 614 150 659 P.
173 610 415 657 Cornelius
438 609 556 656 fecit.
591 610 672 654 Per
692 607 807 653 idem
829 605 922 652 fere
943 619 1121 668 tempus
1151 603 1266 650 aedes
1292 604 1393 648 Ma-

104 683 184 730 tris
220 685 398 745 Magna:
432 681 559 727 ldaeae
592 679 795 726 dedicata
825 677 915 723 est:
947 694 1080 739 quam
1111 677 1257 723 Deam
1285 674 1321 722 is
1348 677 1397 723 P.

103 754 349 804 cornelius
364 792 377 813 ‚
400 756 627 803 advectam
651 769 705 799 ex
727 753 824 799 Asia
844 753 889 798 P.
910 749 1134 797 Cornelio
1155 749 1396 811 Scipione,

66 843 69 847 ’
103 829 179 877 cui
205 828 304 892 post
334 828 550 874 Africano
581 827 664 872 fuit
691 839 948 888 cognomen
966 859 979 879 ,
1004 824 1048 869 Ρ.
1077 820 1256 869 Licinio
1284 838 1398 868 con-

106 902 301 958 sulibus,
333 901 376 945 in
408 901 625 946 Palatium
655 915 677 944 a
707 897 815 943 mari
846 895 1076 941 detulerat.
1111 896 1399 941 Locaverant

108 977 247 1023 aedem
276 974 521 1021 faciendam
553 990 609 1019 ex
639 969 1017 1017 senatusconsulto
1041 969 1106 1015 M.
1138 967 1319 1024 Livius,
1341 967 1398 1014 C.

109 1048 325 1096 Claudius
365 1046 599 1103 censores,
636 1045 700 1091 M.
739 1040 961 1089 Cornelio
986 1076 1001 1096 ,
1039 1040 1085 1085 P.
1124 1032 1397 1100 Sempronio

110 1119 371 1168 consulibus
392 1137 401 1165 ε
424 1117 638 1165 tredecim
668 1115 797 1162 annis
819 1112 942 1177 post,
964 1128 1096 1175 quam
1117 1111 1263 1156 locata
1284 1122 1401 1169 crat,

109 1194 332 1243 dedicavit
361 1210 455 1240 eam
490 1195 549 1239 M.
571 1192 724 1240 lunius
753 1193 941 1245 Brutus,
961 1186 1150 1250 ludique
1182 1185 1245 1232 ob
1274 1184 1400 1232 dedi-

109 1268 336 1316 cationem
369 1266 462 1326 ejus
488 1265 618 1323 facti,
655 1280 770 1330 quos
808 1262 978 1325 primos
1013 1258 1215 1306 scenicos
1246 1257 1400 1314 fuiffe,

111 1341 267 1390 Antias
304 1337 509 1386 Valerius
544 1338 606 1385 est
642 1338 828 1392 ειυξὶοτ,
865 1332 1098 1396 Megalesia
1138 1331 1400 1394 appellatos.

112 1415 220 1458 Item
240 1409 485 1459 Iuventatis
516 1409 654 1457 aedem
683 1408 728 1453 in
750 1407 880 1454 circo
899 1405 1098 1451 maximo
1121 1404 1174 1450 C.
1198 1402 1397 1449 Licinius

113 1485 329 1532 Lucullus
357 1482 570 1530 duumvir
602 1480 844 1529 dedicavit.
879 1481 1084 1526 Voverat
1117 1494 1213 1523 eam
1244 1475 1400 1522 sexde-

114 1559 203 1605 cim
225 1558 350 1604 annis
376 1569 476 1602 ante
510 1558 573 1602 M.
605 1553 760 1601 Livius
793 1551 972 1608 consul,
990 1568 1083 1613 quo
1113 1550 1182 1597 die
1203 1548 1402 1595 Hasdrun

115 1630 261 1677 halem
291 1627 628 1688 exercitumque
649 1623 743 1686 ejus
774 1622 957 1671 cecidit:
978 1621 1093 1667 idem
1124 1620 1281 1667 censor
1306 1636 1403 1667 eam

115 1701 364 1749 faciendam
405 1698 607 1756 locavit,
642 1699 704 1744 M.
748 1695 999 1752 Cornelio,
1038 1695 1085 1741 Ρ.
1129 1692 1403 1756 Sempronio

115 1774 390 1822 consulibus.
416 1772 562 1834 Hujus
582 1787 768 1836 quoque
795 1767 1052 1816 dedicandae
1075 1765 1200 1814 causa
1220 1766 1312 1812 ludi
1336 1764 1403 1812 faa

117 1848 175 1894 &i
194 1866 203 1894 :
224 1849 273 1894 ὅ(
297 1863 353 1893 eo
376 1846 529 1892 omnia
551 1862 652 1891 cum
676 1842 846 1905 majore
866 1840 1087 1905 religione
1114 1839 1252 1899 facta,
1277 1837 1404 1903 quod

117 1937 292 1967 novum
318 1936 418 1966 cum
441 1918 675 1965 Antiocho
703 1916 891 1963 instabat
914 1913 1098 1961 bellum.

185 1994 426 2039 XXXVII.
462 1990 692 2053 Principio
719 1988 813 2049 ejus
845 1986 985 2044 anni,
1023 2002 1118 2050 quo
1151 1985 1280 2043 haec,
1317 1983 1406 2045 jam

120 2065 328 2130 profecto
348 2065 402 2111 ad
421 2064 587 2111 bellum
607 2063 684 2108 M’.
706 2060 856 2108 Acilio
870 2096 884 2119 ,
912 2072 1122 2108 manente
1141 2058 1289 2105 adhuc
1312 2059 1407 2102 Ro-

120 2156 206 2186 mae
235 2139 281 2184 P.
307 2135 528 2184 Cornelio
561 2133 743 2182 consule
761 2169 775 2192 ‚
808 2133 1084 2197 agebantur,
1118 2131 1263 2178 boves
1291 2130 1409 2177 duos

122 2212 323 2260 domitos
354 2212 399 2258 in
423 2210 601 2258 Carinis
628 2225 706 2272 per
737 2208 871 2257 scalas
893 2205 1141 2271 pervenisse
1164 2205 1210 2251 in
1239 2203 1409 2267 tegulas

122 2283 328 2342 aedificii,
366 2283 595 2347 proditum
618 2281 850 2329 memoriae
882 2280 957 2328 est.
991 2282 1082 2326 Eos
1113 2277 1248 2325 vivos
1278 2292 1409 2323 com-

122 2358 227 2405 buri
243 2393 257 2416 ,
289 2357 576 2419 cineremque
602 2371 759 2401 eorum
783 2353 914 2415 dejici
938 2353 984 2399 in
1001 2350 1206 2400 Tiberim
1226 2385 1240 2407 ,
1268 2350 1408 2395 haru-

123 2429 264 2495 spices
293 2429 522 2494 jusserunt.
555 2427 814 2478 Tarracinae
835 2428 883 2477 &
909 2422 1132 2474 Amiterni
1156 2421 1411 2470 nuntiatum
