1618 2715
278 141 824 191 HISTORIARUM
860 140 988 186 LIB.
1023 140 1228 187 XXXV.
1377 159 1400 205 3

121 251 389 299 accesserant
405 268 416 296 :
434 265 516 296 nec
534 247 626 294 ulla
642 246 790 310 quiete
811 247 932 302 data,
953 245 1155 292 laborem
1173 245 1263 292 viae
1278 263 1406 310 proe-

121 326 231 372 lium
251 334 503 385 exceperat.
532 323 684 383 Itaque
704 318 930 382 principio
949 335 1110 382 pugna:
1130 319 1302 382 vigoris
1320 322 1406 368 ali-

122 398 230 461 quid
254 397 301 442 in
330 394 601 458 corporibus
627 391 875 455 animisque
900 391 1014 448 fuit,
1039 394 1087 440 &
1111 393 1406 442 turbaverant

122 471 272 535 primo
308 471 571 516 Romanos:
603 466 763 513 deinde
801 479 972 528 aequata
1003 465 1222 530 paulisper
1260 486 1406 533 pugna

123 545 194 593 est.
225 550 272 592 In
295 546 385 592 hoc
413 540 665 590 discrimine
689 542 820 588 ludos
848 540 981 599 Jovi,
1004 540 1034 586 s1
1062 541 1110 587 vi
1133 541 1309 589 fudisset
1328 561 1405 590 ce·

124 620 382 682 cidiffetque
407 616 581 675 hostes,
609 627 866 678 propraetor
892 614 1045 662 vovit.
1080 615 1281 662 Tandem
1305 633 1407 680 gra-

124 694 231 740 dum
262 689 632 740 acrius-“intulere
669 686 888 745 Romani,
921 689 1132 750 ccffitque
1162 687 1406 737 Lusitanus.

124 765 287 813 deinde
327 761 509 826 prorsus
547 772 668 824 terga
707 760 839 806 dedit.
889 762 966 817 ὃς,
1003 777 1104 808 cum
1155 761 1408 809 institissent
1469 766 1474 771 '

124 836 396 902 fugientibus
427 835 620 882 vi&ores
640 868 651 888 ,
685 833 739 879 ad
760 832 998 879 duodecim
1034 831 1171 879 millia
1209 833 1407 882 hostium

124 910 225 957 sunt
246 908 352 956 caesa
373 925 383 954 z
404 906 521 968 capti
543 904 777 969 quingenti
797 903 1086 967 quadraginta
1101 939 1113 961 ,
1141 920 1297 951 omnes
1315 906 1408 954 fere

125 982 330 1046 equites:
361 982 410 1028 ὅ(
441 978 561 1042 figna
600 976 808 1022 militaria
845 987 972 1038 capta
1008 988 1186 1022 centum
1225 979 1407 1042 triginta

125 1066 336 1119 quatuor.
365 1052 418 1098 de
449 1050 649 1097 exercitu
681 1049 895 1095 Romano
929 1048 1204 1112 septuaginta
1239 1052 1288 1098 &
1319 1065 1408 1100 tres

126 1127 280 1177 amisii.
321 1128 567 1190 Pugnatum
602 1124 720 1170 haud
756 1123 920 1186 procul
956 1123 1063 1185 Ilipa
1097 1124 1203 1170 urbe
1230 1124 1305 1173 est.
1338 1129 1408 1174 Eo

123 1202 344 1250 victorem
382 1197 650 1261 opulentum
681 1197 843 1259 praedae
879 1196 1125 1244 exercitum
1159 1200 1204 1244 P.
1227 1198 1410 1247 Corne-

124 1274 215 1321 lius
246 1271 436 1319 reduxit.
470 1287 519 1317 ea
550 1269 699 1316 omnis
737 1282 839 1317 ante
873 1271 1027 1317 urbem
1066 1272 1266 1334 exposita
1307 1274 1367 1320 est
1398 1291 1410 1322 z

126 1346 404 1414 potestasque
425 1345 618 1392 dominis
644 1345 739 1393 suas
762 1361 830 1392 res
851 1345 1155 1408 cognoscendi
1182 1346 1307 1395 faita.
1337 1366 1412 1396 ce-

127 1434 222 1469 tera
252 1419 490 1466 vendenda
517 1415 730 1480 quaestori
766 1418 890 1465 data:
911 1417 1035 1481 quod
1061 1416 1165 1464 inde
1196 1419 1411 1469 refefitum

127 1494 217 1550 est,
254 1492 386 1539 militi
424 1492 631 1537 divisum.

193 1569 244 1613 11.
276 1564 493 1611 Nondum
523 1564 578 1610 ab
604 1564 753 1609 Roma
785 1561 1013 1625 profetfhts
1040 1573 1134 1608 erat
1167 1563 1219 1609 C.
1248 1562 1412 1610 Flami-

128 1638 228 1686 nius
257 1649 424 1700 praetor
440 1671 454 1693 ,
487 1653 588 1682 cum
609 1635 705 1681 haec
722 1634 767 1680 in
793 1634 1002 1696 Hispania
1027 1635 1306 1698 gerebantur.
1328 1635 1414 1682 ita-

128 1730 215 1777 que
254 1725 341 1758 tam
378 1710 606 1768 adversae,
646 1725 780 1772 quam
817 1708 1018 1756 secundae
1055 1725 1122 1755 res
1157 1726 1236 1771 per
1271 1709 1413 1772 ipsum

131 1786 389 1850 amicosque
419 1785 511 1848 ejus
540 1784 709 1848 magnis
733 1783 1011 1831 sermonibus
1039 1785 1377 1832 celebrabantur
1404 1801 1416 1832 z

130 1860 182 1905 δε
206 1868 486 1915 tentaverat,
521 1855 735 1919 quoniam
766 1855 933 1902 bellum
962 1855 1117 1918 ingens
1148 1855 1195 1900 in
1223 1856 1415 1918 provin-

130 1930 197 1979 cia
217 1930 435 1977 exarfiffet
449 1966 461 1988 ‚
484 1931 535 1977 &
552 1929 732 1993 exiguas
757 1929 966 1992 reliquias
995 1928 1217 1975 exercitus
1238 1929 1294 1974 ab
1313 1930 1418 1977 Sex.

132 2004 342 2067 Digitio,
369 2017 502 2067 atque
537 2005 610 2050 eas
647 2003 760 2066 ipsas
800 2002 955 2065 plenas
986 2002 1172 2065 pavoris
1206 2017 1257 2049 ac
1297 2000 1415 2066 fugae

133 2089 397 2140 accepturus
427 2076 554 2134 effet,
581 2087 629 2122 ut
657 2093 791 2122 unam
823 2075 903 2121 fibi
935 2091 990 2121 ex
1016 2074 1196 2121 urbanis
1224 2073 1419 2137 legioni-

134 2149 217 2197 bus
252 2151 542 2196 decernerent
565 2166 576 2196 :
599 2148 654 2194 ad
673 2164 806 2211 quam
830 2165 932 2195 cum
963 2147 1148 2194 militem
1177 2146 1231 2192 ab
1256 2146 1297 2193 se
1319 2146 1416 2210 ipso

135 2223 350 2286 scriptum
379 2239 436 2270 ex
463 2221 843 2270 senatusconsulto
876 2221 1128 2282 adjecisset,
1148 2219 1330 2283 eligeret
1359 2236 1417 2267 ex

136 2295 265 2342 omni
285 2312 476 2342 numero
503 2294 589 2354 serg
602 2295 741 2342 millia
774 2297 824 2343 ὃς
845 2294 1117 2357 quingentos
1145 2294 1314 2356 pedites
1333 2329 1347 2353 ,
1369 2297 1420 2343 δε

136 2368 309 2431 equites
330 2380 568 2415 trecentos.
596 2372 668 2415 Ea
684 2370 732 2429 se
751 2372 905 2431 legione
925 2368 1048 2428 (nam
1071 2371 1116 2412 in
1136 2371 1236 2413 Sex.
1255 2369 1422 2431 Digitii

137 2445 314 2490 exercitu
330 2445 447 2492 haud
461 2447 638 2491 multum
645 2443 741 2505 spei
757 2441 862 2508 (ffb)
884 2460 966 2512 rem
980 2441 1196 2508 gqlurum.
1212 2440 1423 2490 seniores

789 2537 791 2539 ·
1062 2515 1101 2561 A
1138 2531 1162 2560 2
