1618 2715
136 100 227 165 198
504 97 1068 147 T1T1L1v11

186 225 233 252 ex
255 213 449 254 Antiocho
475 222 586 264 capta
613 213 786 252 aerarium
812 211 1041 266 fraudasset,
1066 213 1268 264 postquam
1289 213 1320 254 is
1343 215 1427 255 dies

184 278 315 325 venit,
335 285 514 315 evocatus
537 277 575 314 in
592 275 722 316 Rostra
735 306 748 322 ‚
768 275 855 314 Hac
872 276 949 323 die,
966 275 1092 325 inquit
1104 307 1117 323 ‚
1134 277 1312 327 Quirites,
1331 279 1427 317 Car—

187 341 363 392 thaginem
388 340 456 378 vici
471 355 481 378 .·
500 341 534 378 ἃ
549 371 561 385 ,
579 338 833 389 prosequente
852 337 1020 388 populo,
1038 338 1276 390 Capitolium
1293 340 1430 379 ascen-

187 402 366 442 dit.1nde
379 434 390 451 ‚
414 416 462 441 ne
479 402 642 452 amplius*
660 402 873 441 tribuniciis
893 402 1039 451 injuriis
1061 413 1283 452 vexaretur,
1299 403 1339 442 in
1352 417 1429 443 vo-

188 463 398 503 luntarium
424 463 595 503 exfilium
618 464 813 505 Liternum
841 463 1045 506 concesfit:
1068 466 1259 505 incertum
1279 465 1355 515 ibi,
1377 478 1428 508 an

186 528 320 568 Romae
333 559 343 574 ‚
363 528 578 567 defunctus.
597 542 685 568 nam
699 532 781 578 ejus
799 536 1098 569 monumentum
1120 530 1326 581 utrobique
1339 531 1427 570 fuit.

189 591 231 632 L.
251 591 384 641 Scipio.
404 591 584 630 Asiaticus
597 621 607 638 ‚
626 591 740 630 frater
760 592 952 640 Africani,
971 592 1111 630 eodem
1132 592 1330 642 peculatus
1348 595 1429 632 cri-

192 655 296 692 mine
315 653 512 692 accusatus
535 654 812 704 damnatusque
824 685 834 702 ‚
857 666 946 693 cum
960 655 1000 692 in
1013 654 1166 694 vincula
1184 657 1219 695 Sc
1235 667 1431 696 carcerem

191 716 396 755 duceretur
407 746 417 763 ,
431 716 491 756 Ti.
506 716 752 767 Sempronius
771 717 969 757 Gracchus
987 748 998 766 ,
1011 717 1186 756 tribunus
1202 717 1325 767 plebis
1336 749 1347 767 ,
1363 719 1431 769 qui

192 789 305 818 antea
323 779 568 829 Scipionibus
586 781 765 819 inimicus
778 781 905 820 fuerat
916 811 927 829 ,
943 778 1174 829 interceffit3
1197 782 1231 820 Sc
1245 780 1296 820 ob
1311 781 1351 820 id
1365 781 1435 820 be-

193 841 376 879 neficium
391 840 559 880 Africani
571 840 691 880 filiam
708 842 833 881 duxit.
850 842 948 882 Cum
963 842 1166 892 quaestores
1179 842 1218 881 in
1229 842 1330 882 bona
1347 846 1434 893 ejug

192 901 350 953 publice
371 902 596 952 possidenda
615 903 711 942 miffi
723 903 862 952 essent,
883 917 960 943 non
981 904 1100 943 modo
1117 904 1156 943 in
1171 904 1215 943 iis
1231 904 1353 943 ullum
1367 919 1434 944 ve-

194 967 345 1017 stigium
367 968 539 1017 pecuniae
567 969 680 1018 regiae
705 971 906 1019 apparuit,
930 968 996 1008 sed
1014 982 1257 1019 nequaquam
1281 976 1435 1007 tantum

193 1030 392 1068 tedanum
404 1060 417 1077 ,
436 1038 588 1079 quantae
609 1028 763 1068 summae
782 1037 860 1067 erat
877 1029 1092 1068 damnatus.
1121 1028 1311 1067 Collatam
1327 1041 1349 1067 a
1363 1040 1437 1066 co-

198 1094 321 1146 gnatis
341 1096 375 1134 Sc
389 1094 520 1133 amicis
536 1093 858 1133 innumerabilem
876 1095 1082 1144 pecuniam
1100 1094 1273 1144 accipere
1287 1092 1434 1133 noluit:

200 1170 285 1209 quae
303 1156 509 1198 neceffaria
533 1158 568 1196 ei
588 1166 695 1197 erant
715 1158 764 1197 ad
779 1156 927 1196 cultum
940 1187 952 1205 2
973 1157 1162 1196 redemta,

146 1379 178 1424 Ι.
201 1312 418 1426 DUM
434 1374 480 1422 in
496 1374 595 1422 Afia
610 1373 776 1421 beilum
799 1372 992 1438 geritur,
1011 1388 1067 1420 ne
1088 1371 1135 1420 in
1152 1370 1315 1420 AEtolis
1337 1371 1439 1436 qui-

148 1451 249 1497 dem
267 1449 434 1511 quietae
458 1465 528 1495 res
548 1448 753 1506 fuerant,
778 1447 1008 1509 principio
1029 1464 1054 1494 a
1074 1461 1205 1510 gente
1224 1447 1440 1493 Athama·-

147 1538 257 1569 num
271 1533 394 1568 orto.
408 1519 680 1566 Athamania
697 1536 747 1565 ea
762 1515 1020 1582 tempestate
1032 1554 1047 1576 ‚
1062 1518 1191 1582 pulso
1204 1521 1440 1583 Amynan-

149 1595 234 1640 dro
246 1630 259 1652 ‚
274 1593 355 1640 sub
370 1593 588 1657 praefeffls
601 1593 798 1656 Philippi
820 1592 947 1656 regio
961 1593 1197 1639 tenebatur
1212 1593 1414 1655 praefidio
1429 1609 1445 1638 2

148 1668 229 1731 qui
267 1666 458 1730 superbo
490 1679 624 1730 atque
661 1666 915 1714 immodico
950 1666 1144 1730 imperio
1177 1666 1443 1715 desiderium

149 1737 439 1802 Amynandri
459 1736 675 1784 fecerant.
704 1736 936 1783 Exsulanti
961 1750 1055 1783 tum
1076 1737 1375 1802 Amynandro
1395 1738 1444 1783 in

150 1809 319 1858 AEtolia
338 1809 480 1856 literis
502 1809 711 1867 suorum,
733 1809 1030 1857 indicantium
1052 1810 1212 1857 statum
1226 1809 1447 1857 Athama-

150 1885 261 1941 niae,
276 1885 371 1946 spes
390 1884 684 1948 recuperandi
704 1884 829 1947 regni
845 1884 956 1931 facia
973 1885 1047 1932 est.
1062 1884 1315 1948 remissique
1331 1899 1448 1929 nun-

151 1957 203 2005 tii
228 1959 283 2005 ab
315 1976 371 2004 eo
402 1958 457 2004 ad
485 1958 711 2021 principes
740 1957 1026 2021 Argitheam,
1054 1957 1131 2023 (id
1158 1956 1280 2003 enim
1308 1968 1446 2019 caput

153 2031 434 2078 Athamaniae
454 2030 576 2095 erat)
598 2032 627 2077 s1
651 2033 936 2094 popularium
957 2032 1136 2079 animos
1151 2030 1251 2077 satis
1270 2029 1448 2093 perspe-

153 2105 249 2151 &os
269 2104 478 2162 haberet,
500 2104 743 2167 impetrato
761 2105 817 2150 ab
835 2104 1000 2151 AEtolis
1016 2103 1213 2160 auxilio,
1235 2102 1282 2149 in
1303 2102 1448 2149 Atha-

154 2176 351 2223 maniam
369 2176 410 2223 se
432 2191 679 2224 venturum
701 2195 805 2224 cum
821 2177 999 2225 deleffls
1017 2176 1276 2225 AEtolorum
1289 2210 1303 2233 ,
1322 2173 1452 2236 quod

155 2250 399 2298 confilium
418 2251 521 2298 effet
540 2252 712 2315 gentis,
735 2254 784 2299 &
806 2252 1040 2300 Nicandro
1061 2264 1269 2314 praetore.
1301 2264 1416 2312 quos
1433 2284 1452 2305 ‚

158 2324 235 2369 ubi
262 2325 315 2370 ad
343 2326 494 2372 omnia
526 2339 706 2389 paratos
734 2326 822 2372 effe
850 2325 987 2384 vidit,
1018 2325 1230 2372 certiores
1262 2323 1451 2369 subinde

157 2395 291 2459 facit,
307 2415 400 2463 quo
422 2399 490 2448 die
510 2418 614 2449 cum
632 2400 837 2454 exercitu
847 2398 1159 2450 Athamaniam
1173 2396 1451 2463 ingestionis
