1618 2715
267 110 811 163 HISTORIARUM
845 109 972 154 LIB.
1006 106 1211 153 XXXV.
1328 120 1384 167 57

95 231 159 267 >ut
187 219 417 282 plerique,
453 233 568 280 quos
596 232 706 279 opes
739 215 872 279 regiae
901 215 1056 272 alunt,
1086 213 1386 275 vaniloquus,

108 292 249 339 maria
277 290 500 354 terrasque
526 290 650 336 inani
674 288 822 336 sonitu
851 287 1096 333 verborum
1119 284 1386 347 complevit.

109 369 310 426 Equitum
332 366 666 410 innumerabilem
683 366 768 409 vim
787 361 931 417 trajici
945 361 1215 421 Hellesponto
1233 362 1278 404 in
1292 360 1334 404 E
1338 376 1388 402 u-

95 456 279 498 ·ropam‚
306 439 466 497 partim
499 438 719 491 loricatos,
755 450 858 494 quos
891 433 1176 492 cataphractos
1205 446 1388 484 vocant;

100 516 259 573 partim
272 514 448 573 sagittis
481 529 533 556 ex
560 527 659 570 equo
695 525 875 564 utente-5,
902 505 971 564 ὃν,
992 526 1018 552 a
1050 524 1128 566 quo
1153 507 1265 550 nihil
1272 506 1388 564 satis

107 588 198 633 tec‘li
223 587 305 651 sit,
338 587 501 646 aversos
538 584 756 646 refugiente
783 601 883 643 equo
918 586 1063 628 certius
1080 582 1268 641 figentes.
1306 578 1389 624 His

107 659 381 721 equestribus
425 658 569 720 copiis
605 672 859 720 quanquam
897 654 973 701 vel
1015 654 1154 700 totius
1195 655 1389 712 Europa:

107 731 333 777 exercitus
366 730 412 776 in
444 746 581 775 unum
613 728 757 775 coaffi
792 726 924 773 obrui
960 724 1135 788 possent
1155 757 1169 779 ‚
1206 722 1390 784 adjicie-

107 804 183 851 bat
202 803 470 865 multiplices
499 803 651 865 copias
671 800 868 863 peditum
882 836 896 857 ,
924 802 973 847 &
995 798 1253 846 nominibus
1274 813 1389 859 quo-

107 894 198 940 que
233 876 430 940 gentium
462 875 539 921 vix
573 875 711 920 fando
748 873 906 920 auditis
940 874 1164 926 terrebam
1204 871 1388 927 Dahas,

108 951 293 1007 Medos,
323 946 640 1012 Elymaeosque
672 949 720 993 &
745 946 993 993 Caddufios
1023 945 1264 1007 appellans.
1292 947 1390 990 Na-

43 1020 47 1031 “
108 1025 266 1068 valium
305 1040 395 1066 vero
425 1023 633 1081 copiarum
654 1055 668 1077 ‚
707 1038 812 1081 quas
847 1022 956 1064 nulli
986 1034 1133 1078 portus
1170 1035 1306 1076 capere
1341 1019 1389 1061 in

109 1095 272 1138 Gracia
292 1091 476 1156 postem,
514 1097 704 1138 dextrum
736 1111 862 1138 cornu
891 1092 1095 1136 Sidonios
1125 1088 1167 1135 δ’
1203 1092 1388 1149 Tyrios,

92 1167 308 1232 sinistrum
340 1169 555 1223 Aradios,
585 1165 626 1212 δ’
655 1185 708 1212 ex
741 1168 1002 1227 Pamphylia
1036 1167 1202 1210 Sidetas
1230 1181 1353 1209 tenere
1368 1182 1389 1218 ,·

106 1257 210 1300 quas
230 1254 365 1300 gentes
389 1243 511 1283 nullae
535 1257 714 1298 unquam
734 1257 804 1284 nec
833 1253 943 1294 arte,
973 1255 1044 1282 nec
1071 1240 1216 1282 virtute
1239 1238 1391 1281 navali

47 1336 49 1338 ’
102 1312 333 1375 aequaſjent.
359 1316 456 1360 Jam
473 1316 725 1372 pecuniam,
750 1313 847 1370 jam
883 1315 993 1357 alios
1032 1314 1126 1356 belli
1159 1326 1389 1370 apparatus

108 1386 267 1445 referre,
294 1388 637 1446 supervacaneum
662 1385 745 1449 ff·
762 1387 869 1446 fiire
888 1386 1023 1446 ipsos,
1042 1381 1389 1444 abundaffesem·

100 1480 177 1522 per
207 1480 307 1506 auro
337 1479 460 1522 regna
487 1462 612 1525 Astae2
648 1463 790 1521 Itaque
819 1480 907 1506 non
937 1478 1026 1505 cum
1058 1460 1256 1518 Philippo
1275 1491 1287 1510 ‚
1316 1474 1389 1501 nec

107 1536 351 1581 Hannibale
379 1554 455 1580 rem
467 1535 664 1593 futuram
693 1537 927 1591 Romanis,
953 1536 1140 1598 prirzfipe
1171 1534 1296 1576 altero
1327 1533 1392 1575 ci-

107 1609 252 1652 vitatis
265 1641 278 1662 ‚
300 1611 424 1652 altero
446 1609 702 1652 Macedoniae
719 1623 879 1652 tantum
901 1609 1014 1668 regni
1023 1607 1184 1665 finibus
1200 1604 1356 1662 incluso
1364 1620 1384 1656 ‚·

94 1679 178 1740 fid
213 1696 303 1722 cum
338 1696 490 1739 magno
525 1679 637 1743 Astae
674 1683 800 1725 totius
827 1680 1038 1740 partisque
1074 1680 1250 1736 Europae
1287 1694 1386 1737 rege.

104 1754 220 1798 Eum
239 1768 373 1797 tamen
388 1787 399 1808 ‚
420 1771 653 1813 quanquam
674 1755 725 1797 ab
745 1754 908 1798 ultimis
939 1753 1109 1797 orientis
1128 1752 1310 1795 terminis
1328 1752 1387 1794 ad

105 1827 361 1871 liberandam
380 1825 582 1869 Graeciam
599 1827 761 1879 veniat,
775 1827 886 1869 nillil
896 1824 1099 1889 postulare
1120 1824 1173 1867 ab
1190 1822 1385 1878 Aclzaeis,

107 1899 153 1942 in
179 1915 257 1957 quo
277 1898 388 1955 fides
417 1915 554 1942 eorum
577 1898 768 1956 adversus
796 1898 1013 1942 Romanos
1030 1930 1042 1952 ‚
1066 1897 1224 1954 priores
1240 1894 1387 1953 socios

108 1985 226 2030 atque
246 1973 426 2026 amicos,
449 1974 633 2033 laedatur.
664 1973 766 2015 Non
796 1972 902 2015 enim
922 2003 936 2025 ‚
965 1985 1011 2014 ut
1024 1971 1163 2028 secum
1193 1967 1386 2026 adversus

105 2058 173 2086 eos
209 2060 327 2086 arma
367 2045 567 2101 capiant,
588 2043 671 2102 sed
712 2058 759 2087 ut
786 2044 919 2087 neutri
946 2043 1062 2102 parti
1085 2041 1172 2100 sese
1204 2040 1385 2093 conjun-

105 2129 230 2176 gant,
245 2131 386 2174 petere.
419 2118 570 2162 Pacem
596 2118 751 2175 utrique
769 2118 887 2176 parti
904 2149 916 2171 ,
937 2118 1048 2174 quod
1072 2116 1228 2159 medios
1250 2116 1385 2157 deceat

103 2190 286 2244 amicos,
307 2202 472 2246 optent:
505 2190 606 2233 bello
612 2189 663 2248 se
678 2206 764 2233 non
791 2191 1068 2248 interponant.
1097 2186 1214 2231 Idem
1241 2183 1380 2230 ferme

105 2261 155 2307 &
174 2258 431 2306 AEtolorum
462 2259 627 2322 legatus
656 2259 952 2307 Archidamus
982 2257 1138 2320 petiit,
1171 2269 1249 2314 ut,
1279 2273 1380 2319 quae

106 2330 318 2377 facillima
356 2333 405 2379 &
440 2332 648 2379 tutiffima
686 2333 820 2390 effet,
861 2332 1056 2395 quietem
1094 2329 1382 2393 praestarent,

106 2404 454 2471 speRatoresque
485 2404 618 2465 belli,
650 2404 933 2454 fortunarum
964 2406 1205 2453 alienarum
1238 2416 1380 2454 even-
