1618 2715
215 118 302 160 ω
566 100 1131 147 T1T1L1xV11

209 210 364 255 derent
389 207 497 265 iter,
530 209 748 255 Coracem
780 218 980 253 montem
1016 215 1371 269 occupaverunt.
1404 211 1485 250 ne}

206 298 293 343 que
318 282 436 327 enim
463 281 747 337 dubitabant,
766 280 818 325 ad
847 280 1235 342 oppugnationem
1265 275 1486 338 Naupaffi

207 372 286 401 eos
321 353 547 417 principio
582 354 700 401 veris
733 352 955 399 redituros
985 352 1082 399 effe.
1120 351 1294 407 Acilio,
1329 348 1406 411 qui
1441 347 1487 393 id

207 426 447 490 exspeRari
474 427 664 483 sciebat,
685 424 816 472 satius
836 424 983 472 visum
1005 424 1091 482 est,
1112 424 1388 486 inopinatam
1409 438 1488 484 ag-

208 498 332 563 gredi
363 515 482 557 rem,
504 500 554 546 ὃς
578 496 776 544 Lamiam
803 513 1080 559 oppugnare.
1109 497 1226 542 Nam
1251 498 1298 544 ὃ(
1329 512 1354 541 a
1385 493 1489 538 Phi·-

207 575 338 636 lippo
368 589 511 636 prope
529 572 584 619 ad
605 571 830 618 excidium
856 570 1071 616 adductos
1093 569 1202 624 effe3
1227 571 1274 616 ὃ(
1294 581 1402 614 tunc
1430 582 1488 611 eo

142 646 146 649 ’
208 644 336 705 ipso,
363 643 489 707 quod
526 642 636 689 nihil
668 641 754 688 tale
787 640 1023 697 timerent,
1053 637 1249 703 opprimi
1284 638 1490 684 incautos

209 718 344 782 poffe.
370 717 601 764 Profectus
631 716 685 763 ab
703 714 846 762 Elatia
864 714 1058 776 primum
1086 713 1132 759 in
1152 713 1345 759 hostium
1373 723 1491 757 terra

211 791 330 839 circa
357 790 619 854 Sperchium
649 805 824 836 amnem
855 786 1007 849 posuit
1035 785 1170 833 castra
1192 784 1324 830 :inde
1360 784 1492 829 nocie

212 865 350 912 motis
368 863 522 928 fignis,
537 862 681 926 prima
695 861 797 908 luce
813 876 985 906 corona
1002 857 1170 905 moenia
1188 856 1249 903 est
1262 856 1492 920 aggressus,

276 948 333 991 V.
361 946 551 1006 Magnus
583 957 728 1004 pavor
757 957 808 986 ac
833 939 1051 984 tumultus
1069 973 1082 995 ,
1102 949 1153 983 ut
1181 937 1228 982 in
1250 952 1294 982 re
1315 936 1492 997 impro-

213 1018 333 1076 visa,
358 1017 457 1065 fuit.
489 1014 763 1064 constantius
792 1027 967 1071 tamen,
1001 1029 1135 1075 quam
1169 1010 1268 1074 quis
1296 1010 1493 1056 facturos

215 1093 442 1149 crederet,
467 1090 514 1136 in
541 1102 630 1134 tam
650 1087 796 1133 subito
821 1085 1025 1148 periculo
1041 1121 1053 1143 ,
1074 1102 1177 1134 cum
1202 1083 1292 1131 viri
1319 1099 1494 1145 propu-

216 1177 403 1229 gnarent
417 1200 430 1221 ,
450 1163 627 1209 feminae
648 1160 734 1206 tela
753 1158 900 1205 omnis
932 1158 1104 1222 generis
1125 1157 1314 1220 saxaque
1334 1156 1379 1201 in
1397 1171 1497 1201 mu-

218 1253 293 1282 ros
320 1245 549 1299 gererent,
580 1231 667 1292 jam
689 1228 977 1275 multifariam
1006 1227 1129 1274 scalis
1154 1226 1392 1289 appofids,
1418 1242 1498 1271 ur·-

220 1311 322 1356 bem
340 1324 396 1354 eo
418 1307 488 1353 die
509 1303 814 1351 defenderunt.
842 1301 1036 1356 Acilius,
1056 1300 1180 1364 figno
1199 1298 1398 1362 receptui
1418 1298 1498 1344 da·-

217 1396 294 1440 to,
312 1381 414 1427 suos
434 1380 480 1425 in
504 1377 639 1426 castra
666 1375 817 1421 medio
838 1373 976 1420 ferme
996 1373 1067 1419 die
1090 1372 1295 1420 reduxit:
1321 1373 1370 1418 ὅτ.
1389 1383 1499 1418 tunc

218 1455 323 1502 cibo
354 1455 404 1501 δι
424 1451 574 1515 quiete
594 1448 767 1496 refectis
793 1447 1061 1509 corporibus
1076 1481 1089 1504 ,
1109 1444 1362 1508 priusquam
1380 1460 1498 1506 prae-

217 1529 387 1575 torium
405 1525 672 1581 dimitteret,
693 1519 978 1567 denuntiavit
990 1555 1006 1577 ,
1023 1536 1067 1566 ut
1091 1536 1185 1565 ante
1203 1524 1330 1565 lucem
1347 1519 1500 1563 armati

214 1604 433 1664 paratique
458 1598 588 1662 effent.
618 1596 704 1660 nisi
731 1610 968 1656 expugnata
996 1596 1114 1650 urbe,
1133 1593 1183 1651 se
1211 1609 1278 1637 eos
1300 1594 1345 1635 in
1372 1591 1500 1654 castra

222 1694 307 1720 non
324 1673 586 1720 reduc‘Zurum.
607 1667 779 1713 Eodem
799 1680 1004 1728 tempore
1020 1699 1034 1722 ,
1052 1680 1145 1727 quo
1166 1662 1335 1725 pridie,
1354 1660 1501 1724 pluris

224 1747 307 1792 bus
332 1743 447 1805 locis
472 1739 712 1804 aggreffus,
737 1755 839 1784 cum
867 1735 1122 1799 oppidanos
1141 1734 1229 1796 jam
1249 1734 1395 1792 vires,
1412 1733 1501 1794 jam

223 1818 334 1875 tela,
355 1816 442 1878 jam
464 1826 564 1861 ante
582 1811 734 1859 omnia
754 1810 924 1857 animus
947 1807 1156 1855 deficeret
1170 1844 1183 1866 ‚
1204 1807 1320 1853 intra
1340 1821 1502 1869 paucas

225 1892 360 1937 horas
387 1890 546 1936 urbem
576 1887 707 1950 cepit.
731 1885 821 1943 lbi,
855 1882 1018 1947 partim
1054 1881 1307 1938 divendita,
1341 1879 1504 1942 partim

226 1963 368 2010 divisa
393 1963 541 2025 praeda
558 1998 572 2020 ‚
593 1960 828 2008 confilium
856 1957 1054 2004 habitum
1070 1991 1083 2014 ,
1107 1955 1217 2018 quid
1245 1953 1404 1999 deinde
1434 1951 1505 1998 fa·-

227 2048 362 2084 ceret.
396 2034 579 2082 Nemini
606 2035 659 2080 ad
681 2033 960 2095 Naupactum
980 2030 1034 2076 iri
1061 2028 1255 2091 placuit,
1282 2036 1506 2088 occupato

227 2112 281 2157 ad
303 2112 525 2157 Coracem
547 2109 600 2155 ab
614 2107 774 2154 AEtolis
795 2106 915 2153 saltu.
945 2122 1001 2151 ne
1019 2117 1168 2151 tamen
1188 2101 1336 2165 segnia
1354 2099 1507 2146 aestiva

229 2183 393 2241 effent,
418 2184 467 2230 δι
493 2181 633 2228 AEtoli
660 2196 755 2225 non
785 2180 1064 2241 impetratam
1089 2193 1246 2239 pacem
1273 2175 1327 2221 ab
1355 2173 1507 2219 senatu

229 2255 524 2302 nihilominus
556 2270 635 2316 per
656 2252 774 2299 suam
802 2251 1135 2300 cunctationem
1162 2249 1398 2301 haberent,
1418 2262 1507 2307 op-

231 2343 432 2389 pugnare
451 2327 620 2374 Acilius
638 2329 721 2374 Am
728 2326 907 2389 phiffam
934 2325 1096 2372 statuit,
1126 2323 1180 2369 ab
1199 2321 1412 2368 Heraclea
1429 2336 1507 2382 per

231 2402 386 2449 (Etam
417 2402 637 2451 exercitus
671 2418 727 2449 eo
749 2402 918 2450 duitus.
947 2401 1068 2447 Cum
1096 2397 1152 2446 ad
1175 2394 1345 2444 moenia
1373 2393 1512 2443 castra
