1618 2715
178 63 273 126 μθ
554 66 1117 122 Τιτιι-ινιι

182 186 303 218 trum
335 171 588 218 auctoritati
619 173 716 220 effe.
751 175 962 223 Comitiis
983 179 1127 226 acrius
1155 179 1315 237 etiam,
1337 199 1469 245 quam

183 256 286 291 ante
302 279 316 300 ,
348 245 550 306 petebat,
580 244 887 304 criminando,
909 251 1169 312 extorqueri
1194 252 1275 300 fibi
1302 272 1326 300 a
1352 270 1471 301 con-

181 318 273 365 sule
301 320 352 366 &
380 319 530 365 senatu
557 318 717 381 populi
743 320 939 367 Romani
962 321 1261 382 beneficium,
1282 328 1331 374 &
1349 326 1472 376 invi·

182 392 301 439 diam
328 391 540 456 geminati
563 392 755 440 honoris
783 393 906 450 fieri3
936 408 1145 459 tanquam
1172 417 1266 447 non
1288 417 1473 462 appare-2

183 477 252 511 ret
268 501 280 520 ‚
300 465 378 511 ubi
405 465 656 527 designatus
681 479 849 528 praetor
871 467 995 524 effe-t,
1018 472 1246 533 extemplo
1266 473 1473 520 aedilitate

184 539 229 586 se
247 538 575 584 abdicaturum.
601 537 799 596 Consul,
818 555 921 585 cum
944 542 991 586 ὅ(
1011 540 1299 601 pertinaciam
1319 556 1474 606 peten-

187 615 245 661 tis
273 613 470 662 crescere
486 646 500 669 ,
521 613 572 659 &
594 611 803 660 favorem
830 614 990 677 populi
1010 616 1151 679 magis
1175 618 1397 682 magisque
1423 618 1473 665 in

190 707 294 738 eum
322 686 532 736 inclinari
559 699 788 744 cerneret,
815 687 998 734 dimiffis
1026 689 1249 747 comitiis,
1277 690 1474 738 senatum

186 762 393 811 vocavit.
434 759 704 806 censuerunt
734 758 1016 822 frequentes,
1047 765 1244 822 quoniam
1280 766 1477 812 Flaccum,

188 839 415 886 aucloritas
428 837 604 880 Patmm
621 837 734 881 m‘lzil
743 833 939 899 moviffit,
953 839 1014 881 ad
1018 842 1222 897 populum
1241 857 1333 883 cum
1351 840 1474 885 Flac-

186 931 232 958 co
250 913 469 974 agendum.
512 908 757 957 Concione
783 910 1007 956 advocata
1021 946 1037 966 ,
1059 926 1162 956 cum
1181 910 1332 973 egiffet
1356 927 1474 957 con-

185 982 278 1038 sul;
306 998 361 1029 ne
382 994 477 1029 tum
496 982 676 1044 quidem
701 982 756 1027 de
778 981 994 1028 sententia
1012 994 1188 1041 motus,
1209 982 1369 1046 gratias
1387 986 1475 1046 po-

186 1060 299 1123 pulo
326 1057 540 1105 Romano
567 1058 686 1121 egit,
707 1063 822 1120 quod
841 1073 959 1104 tanto
972 1060 1144 1125 studio,
1164 1060 1476 1121 quotiescunque

182 1137 448 1181 declarandae
478 1137 709 1179 voluntatis
736 1133 917 1198 potessas
935 1134 1059 1191 fac'la
1078 1131 1188 1195 effet,
1203 1135 1474 1198 praetoremfi

187 1206 373 1270 voluiffet
383 1207 536 1266 fizcere.
560 1211 632 1252 Ea
643 1209 734 1271 fibi
747 1208 896 1272 studia
915 1209 1065 1253 civium
1075 1209 1253 1267 ficorum
1272 1209 1475 1270 destituere

186 1301 274 1328 non
297 1283 344 1326 in
372 1283 517 1326 animo
536 1279 620 1342 effi.
649 1281 759 1327 Haec
778 1296 891 1327 Vero
912 1293 999 1327 tam
1019 1279 1240 1328 obstinata
1258 1298 1356 1329 vox
1377 1293 1475 1329 tan-

181 1365 279 1400 tum
306 1353 346 1399 ei
379 1352 589 1399 favorem
619 1353 855 1410 accendit,
885 1364 936 1399 ut
963 1353 1082 1399 haud
1111 1354 1273 1401 dubius
1303 1366 1475 1417 praetor

184 1425 316 1482 effet,
343 1425 374 1471 fi
402 1425 562 1472 consul
587 1426 793 1488 accipere
822 1442 991 1473 nomen
1013 1426 1165 1475 vellet.
1193 1430 1352 1494 Ingens
1373 1445 1475 1476 cer-

185 1512 334 1550 tamen
353 1498 544 1545 tribunis
563 1535 578 1555 ‚
603 1500 652 1546 &
672 1499 789 1546 inter
809 1498 852 1546 se
879 1499 998 1563 ipsos
1015 1536 1029 1558 ‚
1056 1502 1106 1548 ὃ(
1125 1518 1229 1548 cum
1259 1502 1442 1549 consule
1461 1539 1477 1561 ,

186 1568 302 1619 fuit:
335 1573 483 1620 donec
514 1572 690 1620 senatus
718 1590 741 1620 a
770 1573 954 1621 consule
986 1574 1047 1621 est
1082 1575 1258 1623 habitus
1276 1612 1290 1634 ‚
1318 1577 1476 1625 decre-

188 1658 375 1709 tumque
396 1665 406 1693 t
427 1650 625 1708 quoniam
640 1684 655 1704 ,
675 1652 865 1708 praetoris
879 1650 1143 1711 ficbrogandi
1160 1652 1329 1697 comitia
1347 1671 1396 1697 ne
1414 1656 1477 1697 lea

186 1724 311 1784 gibus
325 1724 502 1781 fierent,
517 1726 753 1782 pertinacia
785 1724 843 1783 Q.
859 1726 999 1769 Flacci
1024 1723 1067 1770 ὅ*
1083 1744 1221 1785 prava
1232 1727 1378 1792 studia
1396 1727 1478 1772 lto·-v

187 1798 349 1841 minum
381 1798 653 1856 impedirent,
674 1797 871 1856 senatum
905 1798 1090 1857 cenfire,
1107 1799 1226 1859 satis
1252 1815 1475 1859 praetorum

187 1869 292 1931 effe:
316 1872 367 1917 P.
389 1872 602 1916 Cornelius
621 1887 835 1931 utramque
858 1874 904 1916 in
930 1873 1024 1917 urbe
1038 1872 1374 1932 jurisdifliorzem
1398 1875 1477 1918 ha·-

184 1946 315 1997 beret,
344 1945 622 2004 Apollinique
654 1947 777 1990 ludos
793 1944 967 2003 faceret.

265 2015 366 2061 XL.
402 2015 482 2061 His
512 2015 712 2062 comitiis
745 2015 984 2079 prudentia
1019 2016 1069 2063 &
1099 2015 1271 2063 virtute
1302 2016 1477 2066 senatus

187 2084 368 2133 sublatis
382 2123 396 2145 ,
422 2087 506 2133 alia
528 2086 716 2145 majoris
738 2087 992 2136 certaminis
1007 2123 1022 2144 ,
1042 2104 1137 2150 quo
1157 2089 1207 2136 &
1231 2088 1402 2151 majore
1421 2090 1477 2135 de

183 2174 259 2216 re,
283 2160 332 2206 &
350 2157 466 2206 inter
486 2159 639 2222 plures
660 2161 1031 2224 potentioresque
1053 2162 1203 2220 viros,
1224 2162 1322 2209 sunt
1339 2180 1475 2209 exor-

128 2271 131 2273 .
186 2244 246 2278 ta.
269 2232 516 2280 Censuram
535 2232 703 2280 summa
722 2234 1020 2281 contentione
1043 2235 1255 2296 petebant
1271 2236 1319 2281 L.
1341 2234 1474 2281 Vale·

186 2305 277 2352 rius
303 2307 510 2363 Flaccus,
539 2307 583 2353 P.
611 2307 660 2354 &
680 2308 729 2353 L.
746 2307 1009 2370 Scipiones,
1030 2309 1115 2354 Cn.
1136 2307 1333 2355 Manlius
1357 2308 1466 2354 Vul-

186 2374 236 2423 so
253 2411 268 2436 ,
298 2379 347 2426 L,
371 2377 527 2428 Furius
559 2379 794 2447 Purpureo
809 2415 825 2443 ³
852 2379 1032 2445 patricii
1055 2398 1066 2429 z
1100 2379 1266 2444 plebeii
1291 2392 1463 2428 autem.
