1618 2715
336 116 876 165 HISTORIARUM
910 115 1033 161 LIB.
1068 116 1165 162 XL.
1324 130 1411 181 353

135 222 287 269 Poridi
323 221 526 278 cuidam,
563 220 702 284 longe
741 217 933 282 principi
968 218 1110 282 gentis
1144 221 1377 268 AEneatum
1399 257 1414 279 ,

136 294 311 358 nupfit3
339 296 416 351 &‚
449 292 568 354 apud
596 310 695 339 eum
725 293 873 354 plures
900 291 1016 338 enisa
1048 308 1196 354 partus
1218 328 1230 350 ,
1262 295 1417 356 parvis

135 367 380 413 admodum
401 364 560 411 reliffis
583 365 794 412 omnibus
813 400 826 422 ‚
850 364 1039 411 tleceffit.
1066 365 1316 410 Theoxena
1334 402 1347 423 ‚
1367 378 1417 412 ut

141 437 190 484 in
218 437 303 485 suis
334 437 539 484 manibus
559 437 689 483 liberi
718 435 887 483 sororis
917 436 1242 495 educarentur,
1263 436 1418 483 Poridi

140 511 286 574 nupfit
307 529 317 557 ε
348 513 396 557 &
412 544 426 569 ‚
448 524 658 574 tanquam
680 525 838 556 omnes
865 507 955 571 ipsa
976 509 1094 554 enisa
1119 509 1418 565 foret‚‘stuim

137 582 389 646 sororisque
418 583 536 632 filios
563 584 610 631 in
640 585 793 629 eadem
818 582 1008 628 habebat
1035 599 1153 629 cura.
1183 582 1421 645 postquam

138 658 256 720 regis
284 658 478 704 edi&um
506 658 559 703 de
589 654 1021 718 comprehendendis
1049 654 1198 701 liberis
1227 671 1384 700 eorum
1403 690 1421 714 ,

140 729 222 794 qui
243 719 460 777 interfeffi
480 731 642 783 effent,
663 731 866 792 accepit;
884 727 1079 773 ludibrio
1102 726 1301 784 futuros,
1325 742 1420 772 non

144 803 259 866 regis
287 804 455 861 modo,
482 803 553 849 sed
582 802 818 850 custodum
845 800 977 847 etiam
1006 799 1208 857 libidini,
1230 812 1348 858 rata,
1367 800 1422 847 ad

143 891 236 921 rem
269 889 469 922 atrocem
502 875 699 921 animum
729 873 912 933 adiecit3
944 871 1132 933 ausaque
1156 871 1216 917 est
1241 871 1422 929 dicere,

143 946 185 993 se
206 947 279 995 sua
311 965 445 994 manu
475 946 626 1008 potius
657 962 814 993 omnes
834 944 1189 1001 interfecturam‚
1212 962 1346 1006 quam
1374 945 1422 991 in

145 1020 408 1082 potestatem
445 1018 642 1080 Philippi
675 1016 898 1063 venirent.
938 1015 1066 1060 Poris
1090 1048 1104 1071 ,
1138 1014 1423 1062 abominatus

145 1093 422 1138 mentionem
442 1104 529 1137 tam
551 1090 663 1136 foedi
683 1087 895 1135 facinoris
912 1123 924 1144 ‚
948 1087 1143 1132 Athenas
1163 1089 1425 1149 deportatu-

147 1181 248 1210 rum
268 1180 347 1210 eos
368 1164 423 1209 ad
441 1161 554 1209 fidos
573 1161 768 1223 hospites
791 1159 904 1205 <lixit
919 1195 934 1215 ,
956 1159 1259 1222 comitemque
1282 1159 1424 1221 ipsum

146 1235 261 1299 fugae
294 1236 490 1282 futurum
522 1235 620 1280 effe.
664 1232 1017 1278 proficiscuntur
1049 1233 1104 1278 ab
1140 1233 1425 1279 Thessaloni-

147 1326 200 1356 ca
229 1310 414 1356 AEneam
447 1308 500 1354 ad
530 1307 688 1353 statum
720 1304 1015 1362 sacrificium,
1042 1305 1164 1367 quod
1194 1303 1425 1351 conditori

149 1381 301 1428 AEnei'e
317 1399 417 1428 cum
438 1398 596 1444 magna
616 1380 875 1427 caerimonia
893 1378 1136 1441 quotannis
1156 1377 1340 1424 faciunt„
1365 1378 1427 1424 ibi

149 1455 221 1501 die
244 1472 322 1517 per
346 1455 581 1501 sollemnes
607 1454 757 1515 epulas
783 1451 1050 1508 consumto,
1073 1467 1234 1497 navem
1258 1468 1428 1513 praepa·

152 1537 291 1571 ratam
322 1543 345 1571 a
375 1525 564 1582 Poride,
594 1524 747 1586 sopitis
775 1524 1014 1580 omnibus,
1042 1525 1096 1569 (le
1126 1524 1253 1570 tertia
1279 1524 1431 1587 vigilia

154 1597 489 1654 conscendunt,
510 1610 723 1659 tanquam
754 1595 938 1642 redituri
965 1596 1012 1641 in
1039 1597 1430 1644 Thessalonicam:

154 1670 227 1716 sed
246 1670 448 1731 trajicere
469 1672 513 1716 in
534 1671 753 1717 Euboeam
773 1682 866 1725 erat
885 1670 1181 1733 propositum.
1217 1671 1433 1717 Ceterum

156 1742 206 1789 in
244 1744 482 1791 adversum
519 1756 707 1791 ventum
747 1742 1048 1804 nequidquam
1086 1759 1164 1788 eos
1201 1743 1435 1789 tendentes

156 1832 300 1878 prope
327 1828 488 1863 terram
516 1816 593 1862 lux
618 1815 830 1877 oppreffit
850 1833 859 1860 :
882 1817 931 1861 δ(
952 1814 1089 1877 regii,
1117 1815 1194 1876 qui
1214 1827 1436 1877 praeerant

104 1903 107 1905 ·
157 1888 370 1934 custodiae
399 1902 585 1950 portus,
618 1888 814 1933 lembum
847 1899 1063 1933 armatum
1091 1888 1143 1932 ad
1174 1887 1439 1948 pertrahen-

159 1962 258 2007 (lam
279 1978 371 2007 eam
392 1962 543 2009 navim
562 1961 773 2007 miserunt
787 1998 801 2018 ,
822 1979 923 2008 cum
951 1960 1075 2023 gravi
1095 1961 1238 2006 edicto
1252 1994 1268 2017 ,
1292 1977 1347 2006 ne
1366 1978 1439 2007 re—

160 2047 445 2080 verterentur
466 2035 555 2079 sine
573 2051 637 2079 ea.
653 2036 767 2080 Cum
791 2034 873 2093 jam
893 2033 1331 2096 appropinquabant,
1350 2035 1440 2080 Po-

163 2106 221 2151 ris
253 2106 430 2171 quidem
453 2107 504 2152 ad
530 2106 832 2152 hortationem
864 2106 1082 2168 remigum
1114 2120 1442 2169 nautarumque

160 2176 359 2223 intentus
389 2189 510 2232 erat3
539 2177 761 2223 interdum
789 2193 942 2222 manus
972 2177 1025 2222 ad
1056 2177 1225 2223 coelum
1252 2177 1440 2223 tendens

164 2251 294 2297 Deos
311 2285 324 2307 ‚
345 2262 394 2294 ut
428 2248 595 2296 ferrent
621 2266 754 2311 opem
771 2284 785 2304 ,
811 2249 982 2295 orabat.
1014 2247 1143 2294 ferox
1172 2247 1348 2293 interim
1376 2247 1445 2294 fe·-

165 2322 311 2380 mina,
333 2323 388 2369 ad
413 2323 557 2368 multo
588 2334 689 2368 ante
716 2322 1055 2385 praecogitatum
1087 2321 1297 2366 revoluta
1329 2319 1441 2367 faci-

165 2413 277 2452 nus,
300 2413 524 2442 venenum
560 2397 720 2457 diluit,
751 2396 1003 2461 ferrumque
1032 2395 1230 2459 promit:
1262 2397 1338 2455 ἃ,
1359 2411 1446 2458 poe⁴

234 2473 283 2519 T,
310 2473 402 2518 Liv.
430 2477 528 2522 Vol.
559 2475 641 2520 VI.
1157 2470 1192 2515 Z.
