1618 2715
328 168 874 219 HlsToRxARUM
909 166 1033 218 ΜΒ.
1068 168 1183 218 ΧΠ.
1302 179 1394 236 '435

114 273 369 325 Triumviri
399 274 709 332 deduxerunt,
741 275 787 321 P.
809 273 950 320 AElius
963 310 979 332 ,
1000 276 1049 320 L.
1070 273 1237 338 Egilius
1256 309 1270 333 ‚
1306 276 1396 323 Cn.

117 348 324 396 Sicinius.
359 348 679 410 quinquagena
707 346 757 393 &
782 346 951 410 singula
969 345 1119 409 jugera
1139 347 1188 394 δέ
1210 345 1399 393 semisses

117 422 213 485 agri
241 421 288 467 in
318 418 515 484 singulos
538 420 626 467 dati
655 419 771 467 sunt.
804 419 857 465 de
873 419 1034 483 Ligure
1054 431 1209 483 captus
1230 419 1265 466 is
1295 436 1399 483 ager

116 505 226 539 erat.
254 492 545 538 Etruscorum
572 502 701 549 ante,
731 507 862 554 quam
885 491 1124 555 Ligurum,
1143 490 1304 538 fuerat.
1342 492 1399 539 C.

117 567 331 615 Claudius
365 566 525 614 consul
552 567 604 613 ad
633 567 792 613 urbem
813 566 967 614 venit:
1003 565 1104 625 cui,
1134 583 1234 614 cum
1264 566 1311 613 in
1333 565 1400 614 se-

117 652 227 688 natu
257 641 311 686 de
342 640 473 686 rebus
504 640 549 685 in
583 638 702 685 Istria
731 637 1054 703 Liguribusque
1083 640 1295 705 prospere
1324 657 1403 705 ge-

118 714 193 765 stis
226 713 514 771 disseruisset,
544 712 788 774 postulanti
820 713 1068 776 triumphus
1092 714 1152 760 est
1182 714 1403 763 decretu&

117 786 421 850 triumphavit
457 786 501 830 in
532 784 786 847 magistratu
828 785 883 831 de
918 786 1088 832 duabus
1122 785 1250 832 fimul
1290 802 1402 849 gen-

117 860 254 907 1ibus.
283 857 412 904 Tulit
444 858 490 903 in
519 873 576 903 eo
604 856 834 920 triumpho
863 857 1095 906 denarium
1114 869 1313 906 trecenta
1334 858 1403 907 se-

115 945 241 997 ptem
264 931 426 990 minia,
455 931 504 977 &
524 930 814 978 ilistoriarum
835 931 1063 994 o&oginta
1084 931 1284 995 quinque
1304 933 1406 979 mil·-

120 1006 182 1053 lia
215 1004 517 1067 septingentos
548 1004 675 1050 duos.
713 1003 929 1050 militibus
964 1005 1010 1050 in
1046 1004 1243 1068 singulos
1275 1005 1405 1069 quini

120 1077 227 1125 deni
255 1077 422 1122 denarii
443 1076 557 1122 dati:
590 1076 757 1138 duplex
785 1077 1068 1135 centurioni,
1088 1077 1252 1140 triplex
1275 1079 1403 1141 equi·

119 1152 173 1200 ti.
203 1150 347 1198 Sociis
386 1149 576 1196 dimidio
612 1150 793 1204 minus,
829 1167 962 1213 quam
997 1151 1201 1208 civibus,
1237 1152 1406 1201 datum.

122 1223 274 1286 itaque
309 1220 466 1280 taciti,
507 1234 557 1267 ut
585 1219 724 1268 iratos
761 1220 844 1267 effe
879 1220 1091 1278 sentires,
1126 1222 1263 1270 secuti
1300 1223 1403 1270 sunt

122 1311 319 1343 currum.

189 1368 314 1413 XlV.
345 1367 472 1413 Dum
500 1364 537 1412 is
562 1364 811 1428 triumphus
838 1365 891 1411 de
911 1363 1145 1428 Liguribus
1164 1367 1379 1430 agebatur
1387 1384 1410 1425 ,⁷

125 1440 310 1503 Ligures
326 1474 339 1495 ,
358 1437 592 1502 postquam
613 1438 839 1485 senserunt
855 1475 868 1496 ,
891 1455 985 1485 non
1006 1438 1287 1487 consularem
1308 1453 1410 1487 tan-

125 1525 223 1559 tum
259 1512 505 1558 exercitum
540 1513 733 1559 Romam
774 1513 1040 1570 amusium,
1074 1512 1145 1559 sed
1179 1514 1413 1578 legionem

127 1585 184 1632 ab
212 1584 285 1629 Ti.
305 1583 502 1629 Claudio
528 1583 633 1630 Pifis
663 1584 908 1644 dimissam,
946 1584 1080 1630 soluti
1110 1597 1258 1645 metu,
1293 1588 1409 1634 clam

129 1657 331 1704 exercitu
361 1656 557 1714 indicio,
585 1673 664 1719 per
698 1657 975 1704 transversos
1007 1658 1169 1705 limites
1198 1659 1411 1722 superatis

129 1730 362 1777 montibus
378 1765 392 1788 ‚
420 1729 464 1775 in
484 1747 667 1793 campos
692 1731 872 1794 degreffi
892 1763 905 1786 ‚
931 1747 1084 1795 agrum
1110 1731 1412 1781 Mutinensem

129 1803 359 1867 populati,
394 1805 633 1866 repentino
658 1804 830 1866 impetu
852 1803 1082 1851 coloniam
1113 1803 1249 1867 ipsam
1275 1822 1414 1869 cepe-

130 1887 249 1924 runt.
280 1876 326 1921 Id
355 1876 431 1922 ubi
462 1877 651 1923 Romam
684 1876 865 1923 allatum
895 1877 980 1935 est,
1012 1875 1185 1924 senatus
1210 1879 1261 1925 C.
1278 1879 1413 1925 Clau-

131 1949 254 1996 dium
276 1944 501 1995 consulem
526 1949 708 1996 comitia
729 1949 876 2011 primo
902 1965 1086 2013 quoque
1105 1961 1310 2013 tempore
1331 1952 1415 1998 ha-

130 2020 239 2068 bere
272 2019 416 2081 juffit,
457 2019 701 2084 creatisque
736 2019 782 2065 in
820 2037 988 2066 annum
1021 2021 1343 2084 magistratibus
1368 2025 1417 2071 in

133 2091 423 2156 provinciam
455 2093 626 2150 redire,
658 2095 707 2139 &
740 2093 971 2139 coloniam
1001 2110 1057 2139 ex
1091 2093 1291 2142 hostibus
1329 2097 1418 2143 eri-

133 2182 254 2228 pere.
292 2168 354 2210 lta
371 2202 383 2218 ‚
404 2165 468 2211 uti
487 2164 657 2212 censuit
675 2163 871 2224 senatus,
892 2165 1076 2212 comitia
1098 2167 1263 2215 habita.
1284 2169 1418 2215 Con-⁴

135 2235 248 2282 sules
283 2235 448 2292 creati,
488 2237 574 2282 Cn.
609 2235 848 2282 Cornelius
881 2236 1034 2298 Scipio
1066 2237 1319 2299 Hispallus,
1355 2241 1418 2299 Q.

136 2308 337 2356 Petillius
356 2309 587 2371 Spurinus.
609 2310 829 2355 Praetores
851 2310 954 2356 incle
975 2309 1099 2369 facil,
1120 2313 1183 2357 M.
1198 2312 1419 2375 Popillius

139 2383 294 2429 Laenas
312 2418 325 2438 ‚
356 2384 402 2429 P.
424 2382 620 2429 Licinius
644 2383 849 2440 Crassus,
883 2385 944 2429 M.
964 2383 1204 2431 Cornelius
1236 2385 1419 2449 Scipio,

139 2454 191 2502 L.
211 2455 410 2520 Papirius
433 2455 559 2505 Maso
573 2491 588 2514 ,
612 2458 673 2504 M.
698 2457 918 2519 Aburius,
939 2459 987 2503 L.
1008 2455 1228 2519 Aquillius
1249 2458 1424 2520 Gallus,

1032 2532 1067 2578 li.
1089 2546 1113 2577 e
1145 2547 1172 2577 2.
