1618 2715
152 93 247 143 22⁵3
509 87 1079 138 TITILIVII

149 217 288 267 atque
323 216 567 264 puerorum
600 196 881 261 ploratibus,
913 192 1202 258 fignificabat.
1244 195 1294 239 In
1331 209 1442 252 eos,

153 279 233 344 qui
256 289 408 342 portas
427 273 693 322 stationibus
715 271 799 318 suis
819 268 1064 317 clauserant
1082 300 1095 324 ,
1111 269 1342 332 legionum
1363 285 1445 314 an-

155 353 373 417 tesignani
408 351 497 414 pila
525 347 830 410 conjecerunt.
870 344 918 392 hi
948 361 1064 391 vero
1100 360 1197 391 non
1228 343 1445 391 vulnera-

153 429 322 475 bantur
339 463 353 484 ,
386 425 457 471 secl
472 460 486 482 ,
512 419 882 470 transverberatis
906 413 1069 475 scutis,
1102 417 1304 481 plerique
1328 416 1445 463 inter

153 499 196 547 se
225 497 422 546 conserti
441 495 692 541 haerebant:
722 509 804 540 nec
824 490 991 538 diutius
1023 489 1243 552 impetum
1270 490 1444 537 Roma-

153 589 323 621 norum
353 568 665 615 sustinuerunt.

219 646 385 693 XXIII.
414 640 671 688 patentibus
694 638 782 701 jam
805 636 949 701 portis
966 673 979 696 ,
1007 634 1265 700 priusquam
1286 634 1446 681 irrum-

155 728 316 782 perent
351 714 572 770 via-ores,
593 710 699 775 fuga
719 728 743 757 e
770 710 919 768 castris
942 708 1179 755 Gallorum
1214 707 1260 752 in
1287 723 1447 753 omnes

156 805 305 857 partes
337 790 450 837 saera
486 787 562 835 est.
606 798 742 833 ruunt
771 786 876 834 caeci
906 801 984 847 per
1015 783 1142 840 vias,
1174 799 1253 845 per
1293 782 1446 831 invia:

157 868 281 915 nulla
317 863 570 929 praecipitia
601 861 728 919 saxa,
764 862 898 907 nullae
932 876 1064 922 rupes
1099 858 1302 906 obstant:
1336 856 1449 903 nihil

156 957 320 1005 praeter
352 938 526 985 hostem
558 947 779 982 metuunt.
816 936 967 998 Itaque
1002 932 1202 995 plerique
1238 930 1448 994 praecipi-

157 1028 224 1062 tes
256 1031 335 1077 per
372 1012 539 1058 vastam
576 1007 857 1056 altitudinem
894 1007 1100 1069 prolapsi
1123 1017 1199 1053 aut
1230 1003 1449 1051 debilitati

159 1089 487 1136 exanimantur.
525 1084 680 1132 consul
692 1120 703 1141 ‚
720 1083 869 1130 castris
884 1082 1047 1143 captis,
1063 1079 1318 1143 direptione
1334 1094 1450 1142 prae⁴

157 1163 303 1224 daque
331 1159 518 1207 abstinet
544 1157 755 1203 militem:
791 1154 914 1218 sequi
938 1170 1021 1215 pro
1043 1152 1084 1199 se
1108 1168 1334 1215 quemque
1354 1186 1368 1208 ‚
1399 1152 1451 1198 δε

157 1233 319 1281 instare
335 1268 349 1288 ‚
371 1233 420 1278 &
446 1228 655 1293 perculsis
686 1244 905 1290 pavorem
926 1226 1088 1272 addere
1110 1223 1249 1285 jubet.
1284 1225 1452 1287 Super-

160 1306 290 1354 venit
319 1307 370 1352 &
398 1305 586 1350 alterum
621 1319 724 1349 cum
758 1303 807 1347 L.
828 1300 1004 1346 Manlio
1034 1315 1219 1361 agmen;
1255 1314 1339 1343 nec
1369 1301 1452 1343 eos

162 1378 308 1426 castra
333 1378 497 1424 intrare
524 1374 637 1422 sinit.
675 1374 885 1435 protinus
917 1372 969 1418 ad
1003 1360 1333 1433 persequendoS
1362 1369 1451 1414 ho-

161 1451 245 1497 stes
273 1449 440 1495 mittit:
475 1449 523 1494 &
556 1444 646 1508 ipse
665 1444 800 1507 paulo
820 1443 920 1506 post
935 1479 950 1501 ,
971 1442 1131 1489 tradita
1162 1442 1452 1505 captivorum

160 1522 363 1570 custodia
382 1520 572 1567 tribunis
600 1517 819 1575 militum,
846 1516 1070 1580 sequitur3
1095 1515 1364 1562 debellatum
1384 1530 1455 1560 ra-

159 1608 263 1654 tus,
297 1595 328 1641 si
357 1595 402 1640 in
436 1594 518 1639 illo
549 1607 720 1655 pavore
750 1608 884 1653 quam
920 1589 1103 1653 plurimi
1139 1588 1235 1636 caefi
1270 1587 1453 1645 forent,

161 1683 238 1718 aut
266 1669 400 1733 capti.
429 1669 608 1733 Egreffo
638 1666 848 1723 consule,
887 1666 940 1712 C.
964 1663 1154 1711 Helvius
1184 1665 1286 1710 cum
1316 1661 1453 1708 tertio

163 1744 340 1808 agmine
370 1742 571 1789 advenit.
615 1757 698 1786 nec
734 1739 971 1786 continere
1002 1737 1105 1784 suos
1144 1754 1167 1782 a
1197 1734 1454 1798 direptione

162 1815 409 1864 castrorum
436 1813 592 1861 valuit.
614 1813 850 1876 praedaque
870 1827 1025 1857 eorum
1041 1846 1052 1866 ,
1071 1807 1335 1871 iniquiffima
1356 1806 1453 1853 sor-

159 1901 232 1948 te,
253 1890 331 1953 qui
359 1906 520 1952 pugnae
545 1903 641 1933 non
670 1884 965 1932 interfuerant
982 1921 995 1942 ,
1025 1883 1136 1930 fafila
1157 1881 1231 1928 est.
1268 1880 1455 1943 Equites

158 1963 239 2009 diu
256 1999 271 2020 ‚
290 1962 432 2026 ignari
459 1963 507 2008 &
526 1976 687 2023 pugnae
709 1961 757 2006 ὃ(
775 1958 980 2004 νἰἑὶοτίεε
999 1956 1179 2003 suorum
1196 1991 1209 2013 ‚
1224 1953 1454 2002 steterunt.

159 2036 323 2083 deinde
361 2039 411 2084 &
444 2035 560 2098 ipfi,
595 2046 815 2097 quantum
864 2032 991 2096 equis
1030 2031 1176 2079 subire
1215 2039 1457 2092 poterant,

163 2109 335 2173 sparsos
359 2109 462 2174 fuga
483 2109 642 2156 Gallos
665 2108 781 2155 circa
801 2108 971 2155 radices
1005 2106 1173 2154 montis
1214 2103 1456 2152 conseRati

164 2182 395 2241 cecidere,
425 2194 500 2228 aut
522 2196 693 2244 cepere.
730 2180 956 2226 Numerus
975 2177 1314 2225 interfe&orum
1339 2174 1456 2221 haud

164 2255 295 2304 facile
321 2257 426 2304 iniri
450 2256 598 2320 potuit
610 2292 629 2315 ,
655 2255 762 2318 quia
793 2254 880 2301 late
906 2254 1022 2301 inter
1047 2269 1205 2301 omnes
1232 2249 1455 2297 anfrafflus
1487 2287 1503 2297 c

157 2330 390 2377 montium
421 2330 616 2394 fugaque
637 2332 686 2378 &
704 2330 846 2377 caedes
866 2328 950 2376 fuit
968 2346 979 2376 :
1008 2330 1056 2376 &
1078 2343 1237 2389 magna
1259 2342 1356 2387 pars
1377 2342 1454 2370 ru-

163 2400 297 2464 pibus
331 2401 470 2452 inviis
498 2403 546 2451 in
575 2401 816 2467 profundae
843 2400 1091 2449 altitudinis
1119 2397 1352 2448 convalles
1373 2399 1453 2444 de-
