1618 2715
237 102 299 160 46
588 101 1143 149 T1T1L1v11

236 206 411 255 facilius
426 243 439 266 ,
459 209 584 271 quod
606 207 723 255 forte
745 208 798 254 ad
815 207 932 254 idem
955 224 1127 272 tempus
1151 210 1203 255 A.
1223 207 1386 254 Atilius
1407 223 1512 256 cum

237 294 434 345 quatuor
453 284 503 328 &
521 281 682 344 viginti
703 280 1096 344 quinqueremibus
1115 281 1167 328 ad
1181 281 1410 344 Gythium
1432 298 1509 328 ac·—

234 353 370 401 ceffit.
406 353 560 399 lisdem
591 353 743 399 diebus
777 353 896 400 circa
925 352 1184 400 Chalcidem
1212 353 1396 411 Thoas,
1431 369 1511 415 per

236 426 557 489 Euthymidam
595 425 872 487 principem,
917 424 1086 487 pulsum
1122 424 1284 488 opibus
1318 443 1473 472 eorum
1494 461 1511 482 ,

237 499 317 562 qui
334 501 550 544 Romanae
579 495 801 544 societatis
824 509 949 542 erant
975 496 1074 558 post
1097 496 1152 544 T.
1171 497 1374 555 Quinffii
1393 497 1513 560 lega-

238 584 480 633 torumque
512 571 783 627 adventum,
809 570 858 616 &
879 568 1160 615 Herodorum
1180 570 1369 615 Cianum
1399 585 1512 614 mer·

238 660 438 690 catorem
458 678 473 701 ,
503 642 576 689 sed
600 655 832 705 potentem
861 639 1075 687 Chalcide
1101 654 1284 704 propter
1309 641 1512 700 divitias,

237 716 496 781 praeparatis
521 717 575 762 ad
603 715 910 779 proditionem
933 714 985 760 iis
1002 750 1014 772 ,
1041 715 1116 776 qui
1133 714 1421 779 Euthymidae
1444 715 1512 762 fa-

237 791 400 837 &ionis
428 802 582 848 erant,
612 805 892 853 nequaquam
922 788 1104 834 eandem
1135 786 1388 846 fortunam,
1426 805 1513 851 qua

236 865 495 913 Demetrias
524 880 603 926 per
624 862 937 926 Eurylochum
967 873 1183 924 occupata
1203 873 1294 908 erat
1310 898 1325 919 ,
1344 861 1513 910 habuit.

239 936 537 1000 Euthymidas
565 936 620 983 ab
647 935 833 982 Athenis
866 934 996 999 (eum
1029 934 1261 980 domicilio
1294 934 1514 997 delegerat

238 1006 426 1071 locum)
456 1007 633 1053 Thebas
661 1006 883 1068 primum,
915 1005 1019 1052 hinc
1045 1005 1254 1069 Salganea
1274 1006 1510 1068 proceffit3

239 1083 507 1130 Herodorus
523 1082 577 1127 ad
595 1081 871 1127 Thronium.
902 1081 1005 1127 Inde
1026 1080 1143 1126 haud
1163 1079 1322 1142 procul
1346 1080 1393 1125 in
1417 1082 1515 1126 Ma-

237 1156 360 1202 iiaco
392 1154 487 1200 finu
514 1153 606 1200 duo
636 1153 773 1199 millia
799 1152 995 1215 peditum
1024 1152 1177 1198 Thoas
1212 1152 1260 1198 &
1295 1150 1514 1198 ducentos

239 1228 443 1291 equites,
477 1225 702 1273 onerarias
736 1225 857 1272 leves
896 1226 951 1272 acl
985 1224 1163 1287 triginta
1195 1224 1397 1271 habebat.
1443 1241 1514 1271 eas

238 1312 346 1347 cum
380 1295 596 1343 sexcentis
621 1294 841 1358 peditibus
871 1295 1136 1341 Herodorus
1157 1293 1359 1355 trajicere
1379 1293 1425 1338 in
1446 1293 1515 1338 in-

240 1368 377 1417 sulam
398 1369 646 1416 Atalantam
668 1367 827 1429 juffus:
858 1380 906 1414 ut
924 1367 1052 1424 inde,
1077 1385 1180 1414 cum
1199 1366 1415 1429 pedestres
1434 1383 1514 1412 co·

240 1442 335 1504 pias
367 1442 728 1505 appropinquare
754 1440 840 1500 jam
873 1440 1023 1487 Aulidi
1046 1452 1177 1502 atque
1210 1439 1383 1502 Euripo
1413 1437 1513 1484 sen-

241 1514 355 1562 fiffet
368 1551 381 1573 ,
401 1514 659 1561 Chalcidem
676 1512 911 1574 trajiceret.
939 1511 1033 1574 ipse
1049 1525 1212 1559 ceteras
1231 1511 1382 1574 copias
1395 1547 1411 1569 ,
1431 1528 1514 1558 no-

243 1586 409 1632 &urnis
436 1584 626 1631 maxime
658 1584 922 1641 itineribus,
951 1594 1117 1645 quanta
1146 1593 1323 1644 poterat
1354 1580 1514 1627 celeri-

240 1669 332 1704 tate
351 1693 364 1713 ‚
389 1656 646 1703 Chalcidem
670 1656 871 1702 ducebat.

306 1730 566 1777 XXXVIII.
585 1729 740 1775 Mifflo
756 1727 1092 1775 &Xenoclides
1100 1764 1116 1785 ‚
1135 1744 1268 1790 penes
1287 1744 1401 1790 quos
1417 1739 1512 1776 tum

243 1802 410 1849 summa
436 1819 611 1858 rerum,
646 1801 772 1863 pulso
801 1801 1103 1864 Euthymida,
1139 1801 1355 1848 Chalcide
1389 1814 1515 1862 erat,

243 1875 319 1923 seu
350 1875 429 1938 ipsi
460 1893 538 1938 per
570 1875 611 1920 se
647 1874 881 1937 suspicati,
913 1875 985 1920 seu
1023 1873 1217 1920 indicata
1253 1890 1299 1919 re
1319 1909 1333 1931 ,
1365 1874 1514 1935 primo

240 1948 423 2010 pavidi,
454 1947 565 1993 nihil
584 1947 768 2010 usquam
787 1946 905 2008 spei,
938 1945 1018 1992 nifi
1043 1946 1088 1991 in
1112 1945 1213 2008 fuga
1231 1980 1246 2003 ,
1269 1945 1514 2007 ponebant.

241 2019 429 2079 deinde,
465 2020 697 2083 postquam
728 2019 884 2065 resedit
909 2031 1086 2076 terror,
1115 2020 1164 2066 &
1192 2019 1323 2080 prodi
1352 2019 1402 2065 &
1436 2019 1514 2064 de-

242 2093 325 2140 seri
361 2110 454 2140 non
483 2095 672 2155 patriam
710 2093 886 2150 modo,
924 2091 996 2138 sed
1030 2091 1160 2138 etiam
1198 2092 1514 2137 Romanorum

244 2167 527 2224 societatem,
561 2167 828 2223 cernebant,
858 2165 1047 2212 confilio
1076 2165 1151 2212 tali
1176 2164 1371 2211 animum
1392 2162 1514 2224 adje-

243 2252 414 2287 cerunt.
432 2242 610 2287 Sacrum
625 2238 970 2285 anniversarium
987 2257 1041 2285 eo
1060 2238 1176 2284 forte
1191 2250 1393 2299 tempore
1408 2239 1514 2282 Ere·

242 2313 340 2358 triae
356 2313 697 2378 Amarynthidis
713 2313 875 2358 Dianae
902 2326 994 2358 erat
1013 2328 1023 2356 ε
1058 2311 1181 2374 quod
1201 2327 1295 2355 non
1315 2308 1511 2372 popula·

242 2385 359 2434 rium
375 2388 515 2435 modo
527 2423 542 2448 ,
554 2386 624 2435 sed
635 2385 945 2451 Carystiorum
960 2385 1090 2433 etiam
1109 2396 1231 2434 coetu
1248 2384 1509 2437 celebraturi.
