1618 2715
259 125 801 176 HISTORIARUM
836 124 962 170 LIB.
996 123 1258 170 XXXVIII.
1328 137 1415 186 271

132 234 306 296 templo
338 233 472 278 factus
499 233 547 278 L.
569 228 748 290 Scipi03
778 227 905 274 fimul
927 229 977 274 ὅ(
1005 226 1147 273 delata
1168 229 1219 274 δε
1246 242 1424 291 recepta

133 308 320 355 nomina
347 307 599 370 legatorum
628 305 750 365 ejus,
781 306 833 350 A.
857 305 906 350 &
935 305 983 350 L.
1004 302 1303 350 Hostiliorum
1330 307 1423 352 Ca-

135 395 324 437 tonum,
361 382 409 426 &
442 381 496 425 C.
526 378 648 425 Furii
683 376 931 424 Aculeonis
966 374 1229 437 quaestoris:
1264 379 1340 435 &‚
1374 390 1425 425 ut

134 452 286 500 omnia
309 452 512 499 contacta
533 450 742 497 societate
760 449 991 511 peculatus
1010 447 1296 508 viderentur,
1318 449 1425 496 scri-

134 527 202 573 bae
226 542 413 589 quoque
438 526 531 571 duo
560 526 608 572 &
637 523 862 570 accensus.
892 525 941 569 L.
966 522 1210 582 Hostilius,
1245 527 1294 572 &
1313 524 1427 571 scri-⁶

133 598 229 654 bae,
261 599 311 644 ὅτ.
340 596 577 653 accensus,
606 595 861 658 priusquam
893 595 947 640 de
964 595 1178 658 Scipione
1209 595 1426 657 judicium

134 669 288 729 fieret,
320 668 511 715 absoluti
548 669 675 715 sunt:
715 667 895 730 Scipio,
919 668 969 713 &
994 669 1046 713 A.
1068 668 1286 715 Hostilius
1305 670 1427 732 lega-

133 756 206 790 tus
224 780 240 801 ,
275 745 325 791 &
355 745 409 789 C.
446 743 604 789 Furius
639 740 868 788 damnati:
911 741 1009 800 Quo
1045 745 1302 788 commodior
1329 761 1426 802 pax

134 819 350 864 Antiocho
381 820 572 873 daretur,
595 818 831 876 Scipionem
851 815 936 875 sex
960 817 1097 859 millia
1130 818 1279 876 pondo
1304 821 1426 876 ami,

136 893 437 951 quadringenta
456 890 662 949 ofloginca
690 889 850 949 argenti
862 891 965 947 plus
985 887 1198 952 accepiffe,
1224 908 1348 949 qzcam
1380 893 1427 936 itt

135 965 324 1009 cerarium
344 965 547 1008 retulerit:
576 965 636 1005 A.
652 962 884 1026 Hostilium
910 961 1114 1021 OH‹)giszta
1135 965 1280 1020 pondo
1307 967 1426 1020 auri,

136 1039 297 1098 argenti
317 1038 621 1097 quadringenta
643 1036 752 1079 tria:
776 1036 945 1078 Furium
967 1034 1193 1098 quaestorem
1214 1038 1308 1080 auri
1317 1056 1427 1096 pon-

137 1112 192 1154 do
229 1124 385 1152 centum
419 1111 617 1168 triginta,
653 1108 815 1167 argenti
849 1109 1038 1151 ducenta.
1073 1107 1163 1151 Has
1193 1122 1277 1168 ego
1306 1106 1428 1152 sum-

137 1195 231 1225 mas
264 1179 359 1225 auri
391 1182 440 1226 &
464 1177 635 1241 argenti
670 1179 828 1224 relatas
852 1177 970 1240 apud
992 1176 1219 1224 Antiatem
1253 1178 1426 1226 inveni.

137 1253 184 1299 in
221 1254 269 1299 L.
306 1252 519 1314 Scipione
556 1251 707 1298 malim
741 1252 947 1315 equidem
978 1251 1147 1297 librarii
1179 1253 1391 1298 mendum
1413 1288 1428 1309 ,

138 1343 273 1389 quam
307 1325 588 1372 mendacium
622 1324 852 1386 scriptoris
873 1359 886 1381 ,
923 1323 1007 1368 effe
1045 1323 1091 1368 in
1126 1322 1296 1368 summa
1334 1326 1429 1370 auri

136 1410 274 1460 atque
293 1397 479 1460 argenti.
499 1395 692 1442 Similius
713 1396 834 1441 enim
854 1394 953 1441 veri
969 1393 1053 1451 est,
1072 1394 1270 1457 argenti,
1291 1411 1428 1457 quam

139 1468 263 1527 auri,
299 1467 438 1528 majus
474 1468 654 1529 pondus
688 1466 837 1519 fuisse3
873 1468 922 1512 &
952 1466 1104 1529 potius
1138 1468 1428 1530 quadragies,

139 1559 276 1606 quam
307 1540 537 1588 ducenties
570 1538 864 1602 quadragies,
897 1538 1021 1585 litem
1051 1540 1332 1587 aestimatam:
1372 1557 1429 1587 co

141 1614 280 1678 magis
294 1650 308 1671 ,
333 1612 458 1676 quod
471 1648 483 1668 ,
502 1624 637 1657 tantae
660 1611 844 1657 summae
862 1612 1084 1657 rationem
1105 1612 1237 1658 etiam
1256 1613 1312 1659 ab
1331 1612 1429 1676 ipso

140 1688 190 1735 P.
213 1686 426 1750 Scipione
452 1685 710 1748 requisitam
739 1684 823 1730 effe
851 1686 895 1730 in
923 1685 1097 1743 senatu,
1127 1687 1335 1732 tradunt:
1373 1687 1430 1732 li-

140 1761 360 1822 brumque
392 1759 582 1805 rationis
608 1757 700 1818 ejus
718 1793 731 1814 ‚
760 1776 864 1805 cum
886 1759 1070 1805 Lucium
1095 1759 1274 1805 fratrem
1303 1760 1432 1806 affer-

142 1850 191 1880 re
223 1832 434 1893 juffiss'et,
467 1831 737 1893 inspectante
767 1831 920 1878 senatu
944 1831 1028 1878 suis
1056 1833 1195 1894 ipsum
1228 1833 1431 1880 manibus

142 1906 466 1969 concerpsisse:
501 1905 833 1968 indignantem,
861 1906 1016 1968 quod,
1052 1923 1153 1951 cum
1183 1906 1248 1952 bis
1269 1907 1430 1953 millies

145 1979 193 2025 in
214 1979 418 2024 aerarium
447 1977 658 2023 intuliffet
673 2013 687 2034 ,
715 1977 975 2040 quadragies
996 1979 1112 2025 ratio
1137 1974 1189 2024 ab
1209 1979 1251 2024 se
1274 1979 1430 2041 posce-2

143 2064 279 2098 retur.
313 2051 366 2096 ab
386 2052 539 2096 eadem
558 2049 721 2097 fiducia
753 2051 919 2109 animi,
957 2069 1059 2098 cum
1088 2052 1332 2115 quaestores
1350 2070 1431 2114 pe·-

146 2124 326 2171 cuniam
353 2141 407 2170 ex
438 2125 602 2170 aerario
635 2139 794 2172 contra
816 2119 957 2188 legem
989 2144 1198 2188 promere
1227 2144 1322 2174 non
1351 2145 1433 2174 au·-

145 2198 334 2255 derent,
362 2198 612 2261 poposciffe
649 2199 826 2257 claves,
862 2201 913 2246 &
948 2199 992 2245 se
1028 2215 1285 2262 aperturum
1320 2218 1431 2247 aera-

143 2271 261 2318 rium
283 2273 461 2330 dixisse,
482 2274 560 2337 qui
580 2310 593 2330 ‚
613 2287 661 2320 ut
680 2275 989 2332 clauderetur,
1011 2274 1234 2322 effeciffet.

211 2346 327 2392 LVI.
361 2347 503 2392 Multa
534 2347 648 2405 alia,
679 2347 724 2392 in
747 2347 971 2409 Scipionis
991 2347 1118 2393 exitu
1144 2346 1338 2393 maxime
1360 2347 1435 2393 vi-

147 2428 205 2463 tae
224 2453 238 2476 ,
267 2418 426 2482 dieque
456 2420 597 2478 dicta,
629 2434 778 2466 morte
792 2456 810 2478 ,.
836 2419 1022 2479 funere,
1049 2420 1279 2482 sepulcre,
1301 2420 1347 2466 in
1368 2420 1434 2467 di-
