1618 2715
266 96 802 178 HisTo‘aiAaUM
839 120 964 168 L113.
999 117 1258 165 xxxvia.
1331 130 1415 162 201

141 237 353 302 expulere
383 253 461 284 eos
490 235 788 282 Athamanes:
819 228 1150 294 dispersosque,
1178 230 1225 275 &
1254 244 1332 289 per
1352 226 1424 272 in-

143 313 242 358 vias
260 323 391 373 atque
409 309 586 372 ignotas
606 323 735 369 rupes
754 305 838 352 iter
859 304 975 367 fugae
996 319 1092 347 non
1114 301 1399 363 expedientes
1411 334 1427 355 9

143 384 304 447 partim
343 393 585 445 ceperunt,
617 380 781 443 partim
812 376 1158 424 interfecerunt:
1187 373 1317 420 multi
1347 389 1427 434 ρε-ἲ

145 473 259 503 vore
275 456 322 502 in
343 456 529 516 derupta
548 448 843 516 praecipitati,
863 446 1078 512 perpauci
1112 463 1216 494 cum
1245 446 1429 491 Zenone

144 528 203 575 ad
234 544 381 593 regem
416 524 663 573 evaserunt.
697 521 882 585 postero
920 520 991 566 (lie
1024 536 1103 583 per
1134 518 1335 567 inducias
1363 516 1431 563 se-

147 600 345 665 peliendi
376 598 513 647 caesos
543 595 738 660 potestas
769 593 881 641 facta
914 592 990 639 est.

208 677 277 721 111.
294 672 609 736 Amynander,
624 680 890 732 recuperato
909 681 1050 731 regno
1064 701 1077 724 ‚
1090 664 1260 728 legatos
1278 664 1326 709 &
1340 663 1434 708 Ro-

147 763 266 793 mam
291 745 345 792 ad
367 744 560 792 senatum
576 778 590 801 ‚
608 744 658 789 &
679 742 734 789 ad
751 740 984 802 Scipiones
1008 737 1055 789 in
1078 737 1222 783 Aliam
1238 770 1251 793 ‚
1273 733 1434 798 Ephesi

149 820 252 884 post
283 835 492 882 magnum
531 833 633 863 cum
664 813 897 861 Antiocho
931 810 1145 875 proelium
1180 819 1438 859 morantes‚

151 891 283 939 mifit.
310 892 467 937 Pacem
495 888 701 951 petebat,
722 885 1052 949 excusabatque
1085 883 1198 941 sese,
1218 882 1343 946 quod
1360 898 1439 944 pet·

152 963 333 1010 AEtolos
362 960 660 1024 recuperasset
687 971 921 1021 paternum
949 973 1154 1020 regnum.
1181 954 1440 1016 Philippum

155 1035 395 1082 incusabat.
413 1033 555 1081 AEtoli
574 1050 627 1078 ex
643 1030 907 1077 Athamania
925 1030 970 1075 in
990 1026 1316 1090 Amphilochos
1333 1042 1442 1087 pro-

154 1109 258 1157 fecti
278 1109 405 1167 sunt,
425 1110 474 1156 &
495 1106 677 1168 majoris
705 1105 842 1168 partis
869 1103 1107 1150 voluntate
1127 1100 1173 1146 in
1211 1099 1279 1160 jus
1300 1098 1441 1145 ditio-

159 1197 351 1245 nemque
373 1191 513 1226 totam
531 1179 797 1241 redegerunt
821 1186 1012 1240 gentem.
1033 1172 1349 1236 Amphilochia
1369 1188 1442 1218 re-

158 1266 312 1318 cepta,
336 1252 464 1315 (nam
483 1251 626 1298 fuerat
642 1251 873 1314 quondam
892 1246 1175 1310 AEtolorum)
1196 1245 1347 1293 eadem
1370 1244 1444 1307 spe

161 1326 211 1374 in
243 1326 529 1390 Aperantiam
561 1322 945 1370 transcenderunt.
985 1337 1034 1366 ea
1068 1334 1254 1383 quoque
1286 1333 1446 1380 magna

159 1417 218 1448 ex
246 1413 368 1464 parte
394 1399 486 1446 fine
513 1396 755 1446 certamine
783 1396 829 1442 in
860 1393 1137 1441 deditionem
1166 1391 1306 1440 venit.
1338 1392 1448 1438 Do·—

160 1473 291 1536 lopes
320 1489 546 1537 nunquam
581 1470 840 1519 AEtolorum
870 1468 1070 1515 fuerant:
1090 1465 1285 1528 Philippi
1307 1476 1449 1512 erant„

163 1546 213 1591 hi
243 1546 432 1607 primum
464 1545 520 1590 ad
545 1559 663 1589 arma
690 1552 1020 1589 concurrerunt
1043 1557 1054 1586 z
1076 1550 1301 1593 ceterum,
1327 1535 1448 1600 post-

162 1633 295 1680 quam
322 1615 654 1678 Amphilochos
679 1631 783 1662 cum
814 1611 975 1661 AEtolis
1003 1610 1112 1665 effe,
1137 1608 1373 1672 fugamque
1390 1624 1450 1654 ex

165 1690 432 1739 Athamania
462 1688 687 1750 Philippi,
717 1690 767 1736 &
791 1686 957 1734 caedem
984 1682 1174 1747 praesidii
1196 1680 1289 1743 ejus
1320 1697 1451 1727 acce-

168 1781 297 1826 pere,
320 1765 370 1811 &
386 1763 465 1825 ipfi
487 1780 511 1810 a
530 1762 742 1825 Philippo
762 1761 817 1808 ad
831 1759 1011 1807 AEtolos
1028 1755 1254 1804 deficiunt.
1275 1754 1455 1813 Quibus

169 1836 465 1898 circumjectis
489 1835 694 1900 gentibus
718 1833 805 1897 jam
832 1832 1032 1895 undique
1060 1828 1102 1876 se
1131 1845 1156 1876 a
1184 1826 1453 1874 Macedoni-

169 1908 254 1955 bus
282 1921 407 1955 tutos
438 1907 724 1956 credentibus
755 1905 867 1963 esse,
900 1902 1062 1951 AEtolis
1092 1900 1207 1948 fama
1243 1898 1454 1958 affertur,

172 1979 451 2027 Antiochum
489 1979 537 2025 in
569 1978 669 2026 Asta
704 1978 873 2025 victum
907 1977 964 2023 ab
999 1970 1230 2021 Romanis.
1280 1987 1362 2019 nec
1394 1970 1458 2019 ita

171 2052 319 2099 multo
342 2053 444 2115 post
477 2051 609 2114 legati
642 2050 697 2096 ab
717 2050 865 2096 Roma
891 2047 1058 2095 rediere
1089 2045 1178 2091 fine
1204 2043 1278 2106 spe
1305 2044 1457 2106 pacis,

172 2123 478 2188 Fulviumque
498 2122 727 2170 consulem
745 2120 1003 2174 nuntiantes
1023 2118 1107 2178 jam
1128 2133 1229 2163 cum
1255 2114 1457 2162 exercitat

172 2195 403 2258 trajeciffe.
440 2195 520 2242 His
553 2195 724 2252 territi,
753 2192 876 2255 prius
906 2192 962 2239 ab
994 2190 1161 2237 Rhodo
1190 2189 1240 2234 &
1272 2187 1459 2233 Athenis

173 2270 474 2333 legationibus
498 2269 680 2327 excitis,
701 2282 751 2316 ut
783 2285 861 2331 per
888 2265 1197 2314 auetoritatem
1224 2261 1460 2309 civitatum

175 2359 326 2390 earum
354 2342 442 2390 suae
469 2358 622 2407 preces
648 2358 789 2404 nuper
811 2339 1054 2405 repudiatae
1084 2335 1334 2382 faciliorem
1359 2332 1460 2380 adi-

178 2428 275 2466 tum
298 2416 355 2464 ad
381 2415 579 2466 senatum
607 2415 850 2473 haberent,
867 2410 1094 2476 principes
1117 2407 1261 2473 gentis
1280 2405 1337 2454 ad
1358 2418 1460 2454 ten*
