1618 2715
183 97 269 161 138
525 96 1088 145 T1T1L1V11

253 206 386 254 XVI.
426 207 481 254 C.
516 205 673 252 Livius
715 221 817 251 cum
854 203 1026 251 duabus
1061 203 1462 267 quinqueremibus

175 277 417 334 Romanis,
450 279 499 324 ὃς
535 289 730 340 quatuor
759 275 1118 337 quadriremibus
1152 276 1376 332 Rhodiis,
1410 279 1461 325 &

175 351 346 398 duabus
379 350 541 413 apertis
578 351 855 414 Smyrnaeis,
889 350 935 394 in
968 349 1158 413 Lyciam
1194 350 1254 397 est
1287 351 1464 409 miffus,

175 423 392 470 Rhodum
416 422 538 485 prius
563 421 695 481 juffus
719 421 867 479 adire,
887 423 935 469 &
962 422 1115 469 omnia
1134 439 1235 469 cum
1257 423 1310 470 iis
1330 439 1460 470 com-

176 495 404 541 municare
423 493 620 540 consilia.
641 492 888 550 Civitates,
910 509 1019 555 quas
1040 494 1356 556 praetervestus
1376 493 1471 552 est,

178 566 388 624 Miletus,
417 566 651 630 Myndus,
681 566 1038 623 Halicarnassus,
1068 566 1269 625 Cnidus,
1302 568 1428 614 Cous
1446 603 1464 626 ‚

177 640 390 704 imperata
426 641 544 688 enise
578 641 794 689 fecerunt.
834 642 1048 692 Rhodum
1076 653 1126 688 ut
1154 641 1214 688 est
1238 657 1429 691 ventum
1447 678 1464 701 ‚

176 713 305 759 fimul
342 715 414 770 &,
435 714 490 759 ad
518 731 654 778 quam
690 731 784 760 rem
807 713 958 761 miffus
990 713 1118 771 effet,
1149 713 1200 759 iis
1224 713 1463 776 exposuit,

178 790 229 835 &
247 788 471 835 consuluit
489 804 584 836 eos.
605 788 971 851 Approbantibus
992 786 1161 835 cunffis
1174 823 1188 846 ‚
1204 788 1253 835 &
1268 788 1320 834 ad
1339 805 1463 846 eam,

176 879 312 927 quam
346 862 563 922 habebat,
604 863 779 909 claffem
820 861 1015 909 assumtis
1058 861 1199 908 tribus
1232 862 1465 926 quadrire-

177 936 351 993 mibus,
375 936 557 1000 navigat
589 938 755 982 Patara.
785 935 937 982 Primo
967 934 1185 982 secundus
1213 948 1377 983 ventus
1408 936 1464 982 ad

177 1009 316 1073 ipsam
341 1009 496 1055 urbem
519 1008 688 1055 ferebat
706 1024 812 1055 eos:
835 1007 1187 1071 sperabantque,
1207 1008 1354 1055 subito
1375 1019 1465 1054 ter-

180 1100 285 1130 rore
315 1083 484 1145 aliquid
518 1093 738 1128 moturos.
768 1080 1035 1145 postquam,
1065 1081 1397 1145 circumagente
1422 1079 1466 1127 se

180 1169 354 1214 vento,
376 1154 583 1203 fluctibus
616 1155 760 1202 dubiis
802 1154 938 1202 volvi
974 1167 1175 1216 coeptum
1219 1154 1280 1201 est
1315 1170 1466 1210 mare,

180 1232 471 1296 pervicerunt
499 1230 682 1294 quidem
710 1230 842 1276 remis
858 1265 873 1285 ,
892 1241 941 1274 ut
962 1239 1165 1275 tenerent
1186 1240 1372 1274 terram:
1393 1226 1469 1273 sed

181 1322 329 1369 neque
349 1305 467 1352 circa
484 1305 639 1351 urbem
659 1316 752 1350 tuta
768 1302 898 1349 statio
918 1313 1033 1358 erat,
1053 1318 1135 1348 nec
1156 1313 1256 1347 ante
1272 1299 1468 1363 hostium

182 1390 345 1440 portus
364 1377 411 1422 in
433 1377 523 1424 salo
546 1377 656 1423 stare
681 1387 888 1438 poterant
903 1410 917 1431 ,
936 1373 1094 1436 aspero
1112 1372 1249 1430 mari,
1269 1374 1318 1419 δε
1336 1372 1469 1419 noste

183 1447 460 1496 imminente.
479 1448 760 1494 Praeterveffi
780 1446 966 1503 moenia,
986 1459 1168 1508 portum
1187 1444 1470 1491 Phoenicun-

184 1538 252 1581 ta,
278 1525 424 1571 minus
447 1524 584 1569 duum
606 1521 796 1568 millium
821 1520 959 1582 spatio
984 1519 1087 1565 inde
1107 1518 1363 1574 distantem,
1393 1534 1471 1579 pe-

182 1594 315 1651 tiere,
340 1594 529 1642 navibus
549 1595 603 1640 ab
621 1593 844 1640 maritima
864 1592 911 1638 vi
931 1606 1078 1638 tutum
1096 1609 1106 1637 :
1127 1590 1197 1635 sed
1219 1589 1318 1635 altae
1336 1605 1470 1650 rupes

184 1664 364 1729 insuper
382 1666 698 1723 imminebant,
712 1681 819 1728 quas
835 1662 1037 1711 celeriter
1054 1661 1294 1723 oppidani,
1314 1660 1472 1706 affum-

184 1739 241 1785 tis
260 1739 392 1803 regiis
418 1739 662 1797 militibus,
685 1754 800 1801 quos
827 1737 872 1782 in
899 1733 1102 1798 praefidio
1125 1732 1372 1789 habebant,
1393 1748 1472 1778 ce-

187 1826 363 1879 perunt.
411 1813 620 1861 adversus
667 1828 782 1876 quos
829 1810 983 1857 Livius
1000 1845 1015 1868 ,
1053 1825 1306 1872 quanquam
1344 1817 1472 1853 erant

185 1886 339 1949 iniqua
360 1903 409 1934 ac
439 1886 637 1934 difficilia
666 1885 719 1932 ad
746 1883 889 1930 exitus
910 1882 1040 1940 loca,
1062 1882 1206 1928 lffaeos
1236 1879 1472 1927 auxiliares

186 1962 237 2008 &
260 1961 603 2023 Smyrnaeorum
634 1957 868 2021 expeditos
900 1955 1088 2017 juvenes
1119 1955 1244 2000 misit.
1279 1954 1339 2011 li,
1363 1953 1473 1999 dum

186 2032 424 2081 miffilibus
445 2031 594 2094 primo
620 2034 669 2079 δέ
688 2029 897 2078 adversus
917 2045 1084 2092 paucos
1109 2028 1286 2074 levibus
1306 2042 1474 2073 excur-

187 2104 386 2153 fionibus
422 2104 708 2151 lacessebatur
749 2103 888 2166 magis
910 2137 923 2160 ,
958 2118 1091 2164 quam
1128 2099 1473 2154 conserebatur,

186 2193 336 2240 pugna
351 2212 365 2235 ,
387 2175 687 2223 sustinuerunt
714 2187 938 2222 certamen
958 2191 968 2219 ε
989 2173 1224 2235 postquam
1249 2171 1396 2233 plures
1416 2170 1472 2214 ab

188 2250 297 2296 urbe
327 2249 593 2308 affluebant,
622 2251 670 2297 &
701 2247 788 2309 jam
822 2246 970 2294 omnis
995 2242 1472 2292 multitudoeffunde-

189 2321 344 2381 batur,
369 2323 508 2370 timor
532 2322 713 2371 incessit«
732 2320 940 2378 Livium,
960 2336 1015 2365 ne
1042 2321 1090 2366 &
1118 2316 1350 2364 auxiliares
1383 2314 1474 2379 cir-

190 2395 582 2456 cumvenirentur,
617 2396 667 2443 δε
689 2394 881 2441 navibus
914 2391 1045 2438 etiam
1077 2390 1131 2437 ab
1162 2402 1276 2436 terra
1299 2387 1477 2456 pericu-
