1618 2715
171 105 264 138 200
554 93 1115 145 TiTlleit

168 198 302 247 ximis
334 200 540 259 tentatis,
572 218 676 248 cum
716 200 845 248 facile
878 202 1277 258 animadvertiffet‚
1312 216 1458 253 cetera

166 273 351 320 hostilia
379 275 489 332 effe,
525 276 769 338 Gomphos
802 275 1041 338 regressus,
1071 277 1281 324 omnibus
1314 280 1461 342 copiis

167 346 297 393 fimul
327 348 373 394 in
405 349 723 395 Athamaniam
759 348 903 395 rediit.
937 351 1168 397 Zenonem
1201 351 1333 408 inde,
1355 370 1459 401 cum

168 419 293 466 mille
314 420 537 483 peditibus
558 421 853 484 praemiffum,
879 421 1120 484 Ethopiam
1140 440 1365 487 occupare
1389 422 1462 485 ju-

169 495 273 553 bet,
302 507 566 558 opportune
599 496 825 559 Argitheae
858 495 1350 561 imminentemtquem
1381 497 1461 544 ubi

167 568 315 616 teneri
336 585 360 615 a
380 568 464 615 suis
493 568 647 616 locum
668 568 813 625 vidit,
836 568 927 631 ipse
958 568 1074 615 circa
1097 570 1314 633 templum
1331 570 1461 618 Jovis

169 639 316 688 Acraei
338 641 490 704 posuit
509 641 662 690 castra.
683 641 746 688 ibi
762 657 902 687 unum
923 641 1041 687 diem
1060 640 1182 689 foeda
1203 642 1463 705 tempestate

169 726 396 774 retentus,
415 713 597 777 postero
621 713 691 761 die
710 714 875 760 ducere
896 713 952 760 ad
971 714 1231 777 Argitheam
1255 714 1465 764 intendit.

171 785 396 833 Euntibus
432 786 663 849 extemplo
705 802 951 848 apparuere
984 786 1282 841 Athamanes,
1308 787 1355 833 in
1388 800 1462 834 tu-

171 862 322 910 mulos
360 861 648 908 imminentes
685 861 774 907 viae
818 860 1126 908 discurrentes.
1174 861 1229 907 ad
1267 878 1463 924 quorum

170 935 466 998 conspe&um
487 933 728 985 constitere
746 933 890 996 prima
910 934 1051 997 figna,
1073 946 1266 998 totoque
1287 935 1464 999 agmine

168 1024 324 1072 pavor
351 1010 400 1056 &
421 1008 664 1072 trepidatio
694 1019 818 1054 erat:
839 1009 890 1055 &
913 1024 997 1070 pro
1026 1007 1068 1053 se
1095 1006 1307 1071 quisque,
1328 1008 1464 1071 quid-

171 1099 277 1130 nam
301 1081 502 1129 futurum
534 1081 667 1139 esset,
694 1080 923 1144 cogitare,
952 1080 984 1127 fi
1011 1080 1056 1127 in
1091 1081 1226 1129 valles
1253 1079 1464 1142 subjeetas

170 1155 359 1219 rupibus
392 1172 550 1220 agmen
585 1155 705 1202 foret
740 1154 987 1202 demissum.
1027 1156 1137 1202 Haec
1167 1155 1465 1203 tumultuatio

171 1245 350 1292 regem,
375 1228 628 1290 cupientem
645 1264 658 1285 ,
689 1228 721 1275 fi
752 1228 792 1275 se
824 1227 1137 1291 sequerentur,
1163 1228 1322 1291 raptim
1352 1246 1466 1276 eva*

171 1303 279 1348 dere
311 1301 556 1365 angustias,
591 1317 810 1348 revocare
847 1300 1047 1364 primos,
1076 1302 1128 1348 &
1164 1301 1346 1360 eadem,
1375 1302 1466 1365 qua

172 1388 362 1423 venerat
376 1411 391 1434 ,
408 1374 483 1422 via
502 1374 665 1421 referre
685 1373 835 1438 coegit
863 1373 996 1436 signa.
1024 1373 1296 1421 Athamanes
1315 1373 1464 1437 primo

172 1466 231 1497 ex
262 1448 505 1496 intervallo
535 1447 677 1512 quieti
710 1447 1008 1512 sequebantur
1029 1446 1293 1511 :postquam
1321 1447 1471 1498 AEtoli

171 1522 216 1568 ‘se
237 1522 577 1582 coniunxerunt
593 1557 607 1578 ,
628 1521 714 1568 hos
729 1557 742 1578 ,
760 1532 810 1567 ut
825 1520 879 1568 ab
895 1533 1024 1583 tergo
1042 1520 1207 1584 agmini
1225 1520 1467 1582 instarent,

172 1594 475 1658 reliquerunn
500 1593 579 1657 ipfi
598 1612 622 1640 a
647 1593 858 1641 lateribus
877 1594 919 1641 se
941 1593 1340 1642 circumfuderunt.
1363 1594 1467 1658 qui-

173 1666 275 1712 dam
288 1702 299 1723 ‚
318 1683 398 1727 per
415 1678 553 1713 notos
571 1666 705 1714 calles
723 1665 936 1714 breviore
956 1666 1033 1714 via
1049 1664 1293 1729 praegreffi‚
1307 1665 1474 1712 transi*

172 1749 246 1785 tus
274 1737 471 1785 insedere
493 1757 504 1786 :
524 1751 788 1802 tantumque
809 1739 1023 1786 tumultus
1046 1737 1376 1786 Macedonibus
1403 1735 1467 1784 est

172 1810 385 1874 injeffitm
403 1846 417 1869 ‚
439 1823 488 1858 ut
511 1810 630 1875 fugae
659 1811 799 1876 magis
829 1810 975 1858 effusae
990 1847 1004 1868 ,
1022 1827 1155 1874 quam
1183 1810 1356 1857 itineris
1385 1824 1468 1856 σι’-ι·

173 1882 314 1930 dinati
336 1884 479 1931 modo
495 1920 509 1943 ‚
530 1884 683 1933 multis
704 1883 836 1932 armis
860 1884 1055 1947 virisque
1084 1884 1247 1930 reliffis
1263 1919 1276 1942 ,
1296 1883 1468 1932 flumen

173 1957 445 2017 trajecerint.
475 1958 550 2005 hic
577 1957 677 2005 finis
695 1958 907 2022 sequendi
936 1956 1034 2004 fuit.
1062 1956 1169 2003 Inde
1188 1967 1289 2002 tuto
1309 1957 1466 2002 Mace-

173 2030 320 2077 dones
354 2031 627 2093 Gomphos,
663 2032 712 2079 &
748 2048 772 2077 a
809 2029 1034 2092 Gomphis
1068 2028 1114 2075 in
1150 2027 1467 2075 Macedoniam

173 2105 419 2152 redierunt.
450 2105 725 2151 Athamanes
755 2102 987 2167 AEtolique
1015 2101 1281 2164 Ethopiam,
1299 2101 1352 2146 ad
1377 2102 1466 2146 Ze·-

175 2193 347 2224 nonem
376 2195 428 2224 ac
448 2177 568 2224 mille
591 2176 870 2224 Macedonas
899 2173 1245 2237 opprimendos,
1266 2171 1468 2234 undique

175 2260 522 2295 concurrerunt.
565 2247 869 2305 Macedones,
903 2263 1060 2309 parum
1100 2246 1208 2292 loco
1247 2244 1378 2307 freti,
1411 2244 1469 2291 ab

175 2320 373 2382 Ethopia
390 2320 436 2366 in
455 2320 662 2368 altiorem
684 2320 1081 2382 deruptioremque
1100 2317 1298 2380 undique
1316 2329 1466 2364 tumu-

174 2391 270 2440 lum
300 2393 569 2444 concessere.
597 2409 694 2459 quo
722 2393 924 2457 pluribus
942 2392 1069 2441 *locis
1098 2390 1220 2439 aditu
1239 2391 1465 2450 invento,
