1618 2715
248 146 784 197 HISTORIARUM
821 144 943 190 LIB.
979 141 1240 190 XXXVIII.
1311 155 1403 201 213

183 259 302 305 XIII.
323 261 490 304 Fanum
511 255 572 301 ibi.
592 253 817 317 augustum
836 249 1060 315 Apollinis
1076 251 1125 296 &
1144 247 1373 296 oraculum
1391 265 1406 295 τ

123 331 262 378 sortes
281 331 478 378 versibus
505 328 625 374 haud
645 325 890 374 inconditis
917 324 1020 370 dare
1037 335 1162 370 vates
1183 321 1406 368 dicuntur.

121 403 242 448 Hinc
275 401 422 448 alteris
458 399 608 446 castris
642 399 696 445 ad
732 395 978 458 Harpasum
1013 394 1178 441 flumen
1217 408 1405 439 ventum

120 475 206 521 est:
223 490 316 536 quo
339 473 469 535 legati
488 473 543 518 ab
562 470 800 518 Alabandis
823 483 1067 523 venerunt,
1082 480 1129 512 ut
1149 465 1374 513 castellum
1389 500 1404 523 ‚

119 548 247 610 quod
274 546 329 592 ab
360 545 460 607 ipfis
491 561 632 606 nuper
665 542 887 599 descisset,
911 553 987 587 aut
1014 540 1299 594 auctoritate,
1327 551 1406 587 aut

119 619 281 676 armis,
307 630 488 680 cogeret
518 615 613 676 jura
647 615 830 678 antiqua
854 615 959 677 pati.
995 614 1163 659 Eodem
1185 614 1232 660 &
1260 611 1403 658 Athe-

122 707 243 738 naeus
259 726 273 747 ‚
295 689 505 735 Eumenis
525 691 574 735 &
593 688 731 734 Attali
752 687 908 745 frater,
926 704 1027 734 cum
1045 684 1244 732 Cretensi
1262 683 1409 730 Leuso

122 769 171 813 &
198 768 405 827 Corrago
433 763 682 810 Macedone
710 761 849 809 venit.
887 761 1008 808 mille
1042 759 1209 823 pedites
1242 757 1404 804 mixta—

123 857 224 884 rum
261 838 459 901 gentium
489 839 538 883 δέ
572 847 797 882 trecentos
826 835 994 897 equites
1025 834 1170 880 secum
1206 831 1404 877 adduxe-

122 923 242 958 runt.
275 909 469 966 Consul,
502 910 685 955 tribuno
714 909 903 954 militum
931 908 1058 954 miffo
1090 923 1189 953 curn
1224 904 1404 951 modica

122 1001 285 1041 manu,
315 983 539 1030 castellum
572 981 620 1028 vi
641 994 819 1044 captum
842 978 1218 1027 Alabandensibus
1244 976 1403 1023 reddit.

120 1057 239 1119 inse,
263 1057 370 1105 nihil
394 1057 467 1102 via
489 1056 697 1119 digressus
716 1091 729 1110 ‚
750 1056 801 1099 ad
822 1053 1110 1100 Antiochiam
1136 1050 1261 1112 super
1288 1049 1402 1095 Mae-

122 1130 310 1176 andrum
344 1145 518 1174 amnem
543 1126 689 1189 posuit
720 1125 869 1173 castra.
902 1124 1048 1185 Hujus
1083 1123 1224 1170 amnis
1254 1121 1402 1168 fontes

122 1202 318 1248 Celaenis
360 1201 583 1247 oriuntur.
624 1200 820 1245 Celaenae
856 1198 961 1244 urbs
1004 1208 1135 1258 caput
1173 1194 1402 1257 quondam

123 1276 332 1337 Phrygiae
360 1274 456 1319 fuit.
478 1274 712 1336 migratum
735 1273 838 1318 inde
861 1271 974 1318 haud
991 1270 1153 1334 procul
1174 1268 1402 1314 veteribus

121 1348 343 1403 Celaenis,
376 1351 606 1411 nov'aeque
638 1346 738 1392 urbi
768 1349 977 1408 Apamea:
1015 1360 1177 1390 nomen
1211 1342 1400 1387 inditum

121 1421 178 1465 ab
197 1423 414 1480 Apamea,
431 1418 585 1463 sorore
603 1415 775 1463 Seleuci
796 1417 926 1478 regis.
944 1419 995 1461 Et
1017 1415 1217 1478 Marsyas
1235 1415 1400 1467 amnis,

121 1494 239 1540 haud
264 1492 423 1555 procul
446 1510 469 1537 a
491 1491 705 1537 Maeandri
729 1491 932 1537 tontibus
953 1492 1129 1547 oriens,
1155 1490 1199 1535 in
1228 1492 1401 1535 Maian-

123 1567 253 1611 drum
288 1564 418 1610 cadit.
447 1568 667 1625 Famaque
696 1563 753 1608 ita
779 1576 925 1622 tenet,
952 1562 1144 1608 Celaenis
1177 1564 1399 1624 Marsyam

123 1653 226 1684 cum
257 1635 469 1698 Apolline
504 1634 710 1680 tibiarum
745 1648 875 1681 cantu
909 1635 1102 1682 ceri-affe.
1141 1636 1400 1689 Maeantlem

122 1727 180 1755 ex
198 1726 296 1755 arce
315 1708 482 1754 summa
496 1708 775 1754 Celaenarum
797 1721 939 1765 ortuS,
957 1709 1099 1754 media
1115 1708 1223 1754 urbe
1242 1709 1401 1753 <lecur-

124 1798 253 1839 rens,
280 1798 358 1844 per
385 1782 520 1828 Caras
551 1781 739 1843 primum
758 1818 773 1837 ,
805 1782 962 1826 deinde
990 1782 1148 1837 Jonas,
1178 1779 1223 1823 in
1257 1778 1400 1824 {inum

124 1855 257 1900 maris
284 1855 546 1917 editur,qui
574 1853 688 1900 inter
710 1854 895 1899 Prienen
922 1855 970 1899 ὅ(
998 1852 1201 1897 Miletum
1229 1850 1299 1896 est.
1332 1850 1401 1895 Ad

124 1928 411 1974 Antiochiam
440 1928 484 1972 in
519 1927 656 1974 castra
688 1924 883 1973 consulis
918 1926 1151 1980 Seleucus,
1183 1923 1401 1970 Antiochi

123 1999 262 2057 filius,
283 2017 336 2046 ex
358 2000 530 2045 foedere
559 1999 649 2045 ic'to
677 2016 775 2045 cum
800 1998 1037 2060 Scipione,
1056 1998 1109 2043 ad
1128 1996 1399 2042 frumentum

124 2073 342 2119 exercitui
366 2073 561 2118 dandum
583 2071 723 2118 venit.
745 2072 885 2118 Parva
907 2069 1168 2132 disceptatio
1189 2069 1242 2114 de
1263 2066 1401 2114 Attali

123 2146 412 2194 auxiliaribus
431 2158 528 2191 orta
549 2144 634 2199 est3
654 2145 803 2207 quod,
824 2147 1034 2190 Romano
1049 2155 1221 2189 tantum
1241 2140 1403 2198 militi,
1420 2148 1422 2150 '

125 2220 295 2281 pactum
319 2217 595 2265 Antiochum
612 2252 626 2274 ,
644 2229 694 2262 ut
719 2217 895 2263 daretur
921 2216 1219 2271 frumentum,
1247 2213 1402 2259 Seleu-

124 2309 200 2338 cus
226 2293 410 2339 dicebat.
437 2290 637 2337 Discussa
657 2307 706 2336 ea
732 2306 915 2351 quoque
938 2289 1000 2336 est
1019 2286 1263 2336 constantia
1285 2301 1403 2332 con-

124 2365 252 2424 sulis,
274 2366 350 2429 qui
376 2365 551 2412 dimiffo
581 2365 768 2411 tribuno
797 2364 966 2423 edixit,
986 2380 1042 2410 ne
1062 2361 1258 2411 Romani
1279 2359 1404 2406 mili-

123 2449 188 2485 tes
207 2438 458 2501 acciperent
471 2474 484 2497 ‚
505 2437 759 2501 priusquam
784 2438 915 2483 Attali
936 2437 1099 2483 auxilia
1118 2432 1409 2497 acc‹³.’pifi‘‹‘.²ntc,⁹
