1618 2715
252 122 794 211 HlSTO'RIARUM
829 121 956 168 LIB.·
986 118 1244 166 XXXWH.
1315 131 1406 177 237

125 238 204 285 diu
235 233 548 283 arcessentibus
580 228 856 294 AEgienfibus
887 225 1080 272 maxime
1115 241 1166 271 ac
1198 223 1408 270 Lacedae-

125 310 295 358 moniis
310 346 326 367 ,
345 306 531 367 trajecit.
558 304 764 367 AEgium,
784 319 808 348 a
832 299 1058 363 principio
1088 297 1271 344 Achaici
1294 311 1411 343 con·

127 385 250 441 cilii,
269 383 439 445 semper
459 391 714 428 conventus
740 376 882 440 gentis
911 374 1064 420 indi&
1094 373 1219 429 sunt3
1237 371 1310 418 seu
1340 370 1412 416 di-

128 456 288 520 gnitati
317 455 438 502 urbis
470 454 539 510 id,
566 452 640 499 seu
670 449 763 498 loci
795 445 1128 511 opportunitati
1158 445 1306 491 datum
1334 443 1410 491 est.

130 529 254 574 hunc
280 543 455 573 morem
483 525 801 586 Philopoemen
833 538 889 568 eo
919 521 1111 583 primum
1141 534 1263 566 anno
1294 518 1412 564 labe-

127 597 292 646 faZlare
310 611 527 656 conatus,
546 597 688 659 legem
714 594 893 658 parabat
913 592 1049 650 ferre,
1068 607 1117 638 ut
1135 592 1181 638 in
1201 590 1415 637 omnibus

129 672 418 731 civitatibus,
453 687 553 734 quae
584 667 769 716 Achaici
801 666 986 714 concilii
1015 664 1178 722 effent,
1214 663 1414 709 invicem

131 758 387 795 conventus
421 755 671 808 agerentur.
710 743 759 788 &
792 741 870 787 sub
908 740 1154 786 adventum
1188 737 1415 796 consulis,

133 818 394 883 Damiurgis
417 817 650 865 civitatum
666 851 679 874 ,
699 814 775 877 qui
806 814 1000 859 summus
1022 812 1083 858 est
1110 810 1382 874 magistratus
1398 844 1416 866 ,

130 894 312 955 AEgium
348 890 644 940 evocantibus
666 925 680 947 ,
716 887 1033 949 Philopoemen
1070 884 1275 949 (praetor
1318 896 1421 930 tum

131 963 267 1028 erat)
298 966 443 1027 Argos
476 973 762 1010 conventum
792 960 947 1007 edixit.
975 976 1068 1022 quo
1099 974 1199 1005 cum
1232 972 1416 1020 appare·

136 1050 206 1086 ret
224 1054 380 1084 omnes
400 1037 491 1083 fere
509 1047 822 1083 conventuros
836 1068 848 1089 ‚
868 1032 1024 1080 consul
1048 1047 1252 1095 quoque,
1272 1045 1418 1092 quan-

131 1125 272 1172 quam
289 1107 558 1171 AEgienslum
589 1105 766 1151 favebat
798 1103 939 1150 causae
956 1139 970 1160 ‚
1000 1104 1144 1164 Argos
1170 1101 1295 1146 venit
1315 1118 1324 1146 :
1342 1100 1420 1148 ubi

137 1198 245 1228 cum
277 1178 541 1242 disceptatio
578 1177 752 1234 fuisset,
771 1178 820 1223 &
849 1192 940 1221 rem
975 1174 1232 1221 inclinatam
1260 1189 1419 1218 cerne-

139 1266 239 1309 ret,
272 1252 455 1313 incepto
484 1248 660 1296 destitit.
693 1247 1024 1310 Lacedaemonii
1055 1246 1213 1292 deinde
1243 1262 1343 1291 eum
1372 1245 1420 1290 in

132 1325 215 1375 ,sua
235 1323 480 1372 certamina
501 1332 773 1369 averterunt.
801 1319 1047 1366 Sollicitam
1069 1335 1164 1364 eam
1192 1318 1421 1365 civitatem

141 1398 315 1445 exsules
342 1396 535 1443 maxime
555 1394 778 1441 habebant
800 1411 810 1438 :
838 1409 1035 1456 quorum
1066 1408 1225 1454 magna
1250 1406 1347 1453 pars
1373 1389 1421 1434 in

141 1472 378 1520 maritimis
399 1469 636 1518 Laconicae
653 1484 747 1515 orae
764 1466 972 1523 castellis,
987 1483 1087 1529 quae
1107 1466 1254 1512 omnis
1274 1465 1422 1510 adem-

145 1558 189 1592 ta
210 1556 332 1602 erat,
359 1543 632 1590 habitabant.
665 1540 710 1586 id
740 1556 854 1603 aegre
887 1538 1103 1601 patientes
1131 1538 1424 1585 Lacedaemo-

145 1619 238 1674 nii,
259 1630 307 1663 ut
328 1617 471 1679 aliqua
497 1615 684 1661 liberum
708 1613 759 1659 ad
788 1629 908 1658 mare
934 1612 1146 1657 haberent
1176 1611 1370 1668 aditum,
1392 1610 1424 1655 fi

143 1689 330 1754 quando
365 1689 560 1734 Romam
590 1683 869 1747 aliove'quo
899 1683 1126 1728 mitterent
1156 1683 1352 1746 legatos,
1372 1682 1426 1727 si·

144 1766 329 1828 mulque
368 1774 416 1809 ut
450 1760 703 1823 emporium
736 1760 785 1805 &
818 1757 1144 1819 receptaculum
1182 1756 1427 1818 peregrinis

147 1835 369 1883 mercibus
395 1833 450 1879 ad
471 1830 735 1879 necess'arios
755 1828 856 1876 usus
879 1828 981 1874 effet
995 1863 1008 1884 ‚
1030 1827 1161 1873 no&e
1182 1827 1330 1874 adorti
1358 1827 1428 1873 vin

148 1926 254 1956 cum
274 1907 577 1964 maritimum,
605 1904 788 1950 nomine
811 1906 927 1960 Lan,
952 1900 1204 1963 improviso
1232 1917 1430 1962 occupa-

150 2000 273 2031 vere.
296 1981 457 2029 Vicani
471 2015 484 2038 ,
504 1979 673 2042 quique
700 1978 761 2023 ibi
782 1976 951 2022 exsules
970 1975 1254 2031 babitabant,
1279 1974 1427 2035 primo

149 2055 383 2119 inopinata
416 2070 464 2099 re
498 2051 641 2098 territi
669 2050 796 2096 sunt:
821 2049 1003 2103 deinde,
1031 2047 1111 2094 sub
1141 2047 1283 2093 lucem
1317 2062 1430 2092 con-

151 2127 344 2193 gregati,
364 2125 458 2172 levi
478 2123 719 2171 certamine
747 2122 1015 2185 expulerunt
1043 2118 1430 2166 Lacedaemonios.

151 2218 298 2252 terror
332 2216 482 2249 tamen
516 2215 699 2246 omnem
737 2197 1000 2244 maritimam
1032 2211 1159 2242 oram
1200 2192 1428 2256 pervasit:

152 2277 412 2341 legatosque
439 2273 762 2330 communiter,
781 2273 831 2318 &
857 2269 1027 2317 castella
1044 2266 1197 2313 omnia
1229 2264 1431 2327 vicique,

153 2352 205 2398 &
236 2349 432 2407 exsules,
461 2347 623 2414 quibus
645 2346 708 2394 ibi
728 2344 956 2394 domicilia
982 2353 1135 2400 erant,
1162 2340 1214 2387 ad
1238 2339 1431 2387 Achaeos

151 2421 382 2474 miserunt,
