<?xml version="1.0" encoding="UTF-8"?>
<!DOCTYPE html PUBLIC "-//W3C//DTD XHTML 1.0 Transitional//EN"
    "http://www.w3.org/TR/xhtml1/DTD/xhtml1-transitional.dtd">
<html xmlns="http://www.w3.org/1999/xhtml" xml:lang="en" lang="en">
 <head>
  <title>
</title>
<meta http-equiv="Content-Type" content="text/html;charset=utf-8" />
  <meta name='ocr-system' content='tesseract 3.04.00' />
  <meta name='ocr-capabilities' content='ocr_page ocr_carea ocr_par ocr_line ocrx_word'/>
</head>
<body>
  <div class='ocr_page' id='page_1' title='image "./historiarumlibri06livyuoft_0164.png"; bbox 0 0 1618 2715; ppageno 0'>
   <div class='ocr_carea' id='block_1_1' title="bbox 191 102 1092 166">
    <p class='ocr_par' dir='ltr' id='par_1_1' title="bbox 191 102 1092 166">
     <span class='ocr_line' id='line_1_1' title="bbox 191 102 1092 166; baseline -0.001 -16"><span class='ocrx_word' id='word_1_1' title='bbox 191 102 277 166; x_wconf 79' lang='lat'><strong>156</strong></span> <span class='ocrx_word' id='word_1_2' title='bbox 534 104 1092 150; x_wconf 79' lang='lat' dir='ltr'>T1T1L1v11</span> 
     </span>
    </p>
   </div>
   <div class='ocr_carea' id='block_1_2' title="bbox 184 210 1473 2457">
    <p class='ocr_par' dir='ltr' id='par_1_2' title="bbox 184 210 1473 2457">
     <span class='ocr_line' id='line_1_2' title="bbox 184 210 1455 266; baseline -0.001 -8"><span class='ocrx_word' id='word_1_3' title='bbox 184 211 317 258; x_wconf 77' lang='lat' dir='ltr'><strong>ximae</strong></span> <span class='ocrx_word' id='word_1_4' title='bbox 337 211 494 258; x_wconf 81' lang='lat' dir='ltr'><strong>formae</strong></span> <span class='ocrx_word' id='word_1_5' title='bbox 519 228 656 258; x_wconf 85' lang='lat' dir='ltr'><strong>naves</strong></span> <span class='ocrx_word' id='word_1_6' title='bbox 678 222 764 257; x_wconf 82' lang='lat' dir='ltr'><strong>tres</strong></span> <span class='ocrx_word' id='word_1_7' title='bbox 793 211 976 257; x_wconf 79' lang='lat' dir='ltr'><strong>hexeres</strong></span> <span class='ocrx_word' id='word_1_8' title='bbox 997 210 1215 266; x_wconf 82' lang='lat' dir='ltr'><strong>habebat,</strong></span> <span class='ocrx_word' id='word_1_9' title='bbox 1248 210 1354 256; x_wconf 86' lang='lat' dir='ltr'><strong>duas</strong></span> <span class='ocrx_word' id='word_1_10' title='bbox 1373 210 1455 257; x_wconf 89' lang='lat' dir='ltr'><strong>he-</strong></span> 
     </span>
     <span class='ocr_line' id='line_1_3' title="bbox 185 283 1458 348; baseline -0.002 -18"><span class='ocrx_word' id='word_1_11' title='bbox 185 299 344 348; x_wconf 81' lang='lat' dir='ltr'><strong>pteres.</strong></span> <span class='ocrx_word' id='word_1_12' title='bbox 385 287 566 331; x_wconf 83' lang='lat' dir='ltr'>Robore</span> <span class='ocrx_word' id='word_1_13' title='bbox 596 285 776 333; x_wconf 78' lang='lat' dir='ltr'><strong>navium</strong></span> <span class='ocrx_word' id='word_1_14' title='bbox 810 286 858 330; x_wconf 85' lang='lat'>&amp;</span> <span class='ocrx_word' id='word_1_15' title='bbox 887 284 1050 331; x_wconf 86' lang='lat' dir='ltr'><strong>virtute</strong></span> <span class='ocrx_word' id='word_1_16' title='bbox 1076 283 1266 329; x_wconf 84' lang='lat' dir='ltr'><strong>militum</strong></span> <span class='ocrx_word' id='word_1_17' title='bbox 1284 284 1458 330; x_wconf 87' lang='lat' dir='ltr'><strong>Roma-</strong></span> 
     </span>
     <span class='ocr_line' id='line_1_4' title="bbox 184 355 1458 420; baseline -0.003 -17"><span class='ocrx_word' id='word_1_18' title='bbox 184 358 230 403; x_wconf 89' lang='lat' dir='ltr'><strong>ni</strong></span> <span class='ocrx_word' id='word_1_19' title='bbox 265 358 398 420; x_wconf 77' lang='lat' dir='ltr'><strong>longe</strong></span> <span class='ocrx_word' id='word_1_20' title='bbox 430 358 576 420; x_wconf 79' lang='lat' dir='ltr'><strong>regios</strong></span> <span class='ocrx_word' id='word_1_21' title='bbox 606 357 899 419; x_wconf 68' lang='lat' dir='ltr'><strong>praestabant:</strong></span> <span class='ocrx_word' id='word_1_22' title='bbox 936 357 1128 402; x_wconf 79' lang='lat' dir='ltr'><strong>Rhodiae</strong></span> <span class='ocrx_word' id='word_1_23' title='bbox 1162 372 1298 402; x_wconf 85' lang='lat' dir='ltr'><strong>naves</strong></span> <span class='ocrx_word' id='word_1_24' title='bbox 1331 355 1458 418; x_wconf 84' lang='lat' dir='ltr'><strong>agili-</strong></span> 
     </span>
     <span class='ocr_line' id='line_1_5' title="bbox 184 428 1459 492; baseline -0.002 -16"><span class='ocrx_word' id='word_1_25' title='bbox 184 442 272 476; x_wconf 87' lang='lat' dir='ltr'><strong>tate</strong></span> <span class='ocrx_word' id='word_1_26' title='bbox 291 467 303 487; x_wconf 87' lang='lat'><strong>‚</strong></span> <span class='ocrx_word' id='word_1_27' title='bbox 336 432 384 476; x_wconf 85' lang='lat'>&amp;</span> <span class='ocrx_word' id='word_1_28' title='bbox 411 443 500 475; x_wconf 87' lang='lat' dir='ltr'><strong>arte</strong></span> <span class='ocrx_word' id='word_1_29' title='bbox 526 430 907 491; x_wconf 76' lang='lat' dir='ltr'>gubernatorum,</span> <span class='ocrx_word' id='word_1_30' title='bbox 937 431 987 476; x_wconf 91' lang='lat'>&amp;</span> <span class='ocrx_word' id='word_1_31' title='bbox 1017 428 1197 475; x_wconf 87' lang='lat' dir='ltr'><strong>scientia</strong></span> <span class='ocrx_word' id='word_1_32' title='bbox 1227 429 1459 492; x_wconf 83' lang='lat' dir='ltr'><strong>remigum.</strong></span> 
     </span>
     <span class='ocr_line' id='line_1_6' title="bbox 185 500 1462 564; baseline 0.001 -17"><span class='ocrx_word' id='word_1_33' title='bbox 185 502 390 548; x_wconf 82' lang='lat' dir='ltr'><strong>Maximo</strong></span> <span class='ocrx_word' id='word_1_34' title='bbox 424 514 570 547; x_wconf 87' lang='lat' dir='ltr'><strong>tamen</strong></span> <span class='ocrx_word' id='word_1_35' title='bbox 598 502 798 548; x_wconf 81' lang='lat' dir='ltr'><strong>hostibus</strong></span> <span class='ocrx_word' id='word_1_36' title='bbox 829 501 990 548; x_wconf 83' lang='lat' dir='ltr'><strong>terrori</strong></span> <span class='ocrx_word' id='word_1_37' title='bbox 1019 500 1169 559; x_wconf 88' lang='lat' dir='ltr'><strong>fuere,</strong></span> <span class='ocrx_word' id='word_1_38' title='bbox 1207 518 1308 564; x_wconf 80' lang='lat' dir='ltr'><strong>quae</strong></span> <span class='ocrx_word' id='word_1_39' title='bbox 1337 501 1462 563; x_wconf 85' lang='lat' dir='ltr'><strong>ignes</strong></span> 
     </span>
     <span class='ocr_line' id='line_1_7' title="bbox 186 573 1462 636; baseline 0.002 -18"><span class='ocrx_word' id='word_1_40' title='bbox 186 590 276 635; x_wconf 79' lang='lat' dir='ltr'><strong>prae</strong></span> <span class='ocrx_word' id='word_1_41' title='bbox 298 573 337 618; x_wconf 90' lang='lat' dir='ltr'><strong>se</strong></span> <span class='ocrx_word' id='word_1_42' title='bbox 355 574 616 634; x_wconf 86' lang='lat' dir='ltr'><strong>portabant:</strong></span> <span class='ocrx_word' id='word_1_43' title='bbox 640 574 688 620; x_wconf 87' lang='lat'>&amp;</span> <span class='ocrx_word' id='word_1_44' title='bbox 704 607 718 627; x_wconf 93' lang='lat'>,</span> <span class='ocrx_word' id='word_1_45' title='bbox 746 574 869 636; x_wconf 84' lang='lat' dir='ltr'><strong>quod</strong></span> <span class='ocrx_word' id='word_1_46' title='bbox 889 590 1029 618; x_wconf 89' lang='lat' dir='ltr'><strong>unum</strong></span> <span class='ocrx_word' id='word_1_47' title='bbox 1051 573 1102 618; x_wconf 83' lang='lat' dir='ltr'><strong>iis</strong></span> <span class='ocrx_word' id='word_1_48' title='bbox 1119 573 1172 619; x_wconf 91' lang='lat' dir='ltr'><strong>ad</strong></span> <span class='ocrx_word' id='word_1_49' title='bbox 1192 574 1462 620; x_wconf 77' lang='lat' dir='ltr'><strong>panormum</strong></span> 
     </span>
     <span class='ocr_line' id='line_1_8' title="bbox 187 644 1460 702; baseline -0.002 -10"><span class='ocrx_word' id='word_1_50' title='bbox 187 646 511 692; x_wconf 73' lang='lat' dir='ltr'><strong>circumventis</strong></span> <span class='ocrx_word' id='word_1_51' title='bbox 541 645 664 691; x_wconf 89' lang='lat' dir='ltr'><strong>saluti</strong></span> <span class='ocrx_word' id='word_1_52' title='bbox 699 644 868 702; x_wconf 84' lang='lat' dir='ltr'><strong>fuerat,</strong></span> <span class='ocrx_word' id='word_1_53' title='bbox 899 645 945 691; x_wconf 86' lang='lat' dir='ltr'><strong>id</strong></span> <span class='ocrx_word' id='word_1_54' title='bbox 975 657 1069 691; x_wconf 91' lang='lat' dir='ltr'><strong>tum</strong></span> <span class='ocrx_word' id='word_1_55' title='bbox 1093 646 1337 692; x_wconf 87' lang='lat' dir='ltr'><strong>maximum</strong></span> <span class='ocrx_word' id='word_1_56' title='bbox 1360 661 1460 691; x_wconf 90' lang='lat' dir='ltr'><strong>mo-</strong></span> 
     </span>
     <span class='ocr_line' id='line_1_9' title="bbox 186 717 1461 781; baseline -0.002 -15"><span class='ocrx_word' id='word_1_57' title='bbox 186 732 384 766; x_wconf 84' lang='lat' dir='ltr'><strong>mentum</strong></span> <span class='ocrx_word' id='word_1_58' title='bbox 417 721 471 764; x_wconf 84' lang='lat' dir='ltr'><strong>ad</strong></span> <span class='ocrx_word' id='word_1_59' title='bbox 492 718 723 767; x_wconf 59' lang='lat' dir='ltr'><strong>victoriam</strong></span> <span class='ocrx_word' id='word_1_60' title='bbox 753 717 852 763; x_wconf 83' lang='lat' dir='ltr'><strong>fuit.</strong></span> <span class='ocrx_word' id='word_1_61' title='bbox 889 734 991 763; x_wconf 88' lang='lat' dir='ltr'><strong>nam</strong></span> <span class='ocrx_word' id='word_1_62' title='bbox 1017 732 1138 764; x_wconf 87' lang='lat' dir='ltr'><strong>metu</strong></span> <span class='ocrx_word' id='word_1_63' title='bbox 1161 717 1273 781; x_wconf 84' lang='lat' dir='ltr'><strong>ignis</strong></span> <span class='ocrx_word' id='word_1_64' title='bbox 1292 717 1461 765; x_wconf 81' lang='lat' dir='ltr'><strong>adversi</strong></span> 
     </span>
     <span class='ocr_line' id='line_1_10' title="bbox 186 789 1464 852; baseline -0.001 -16"><span class='ocrx_word' id='word_1_65' title='bbox 186 790 320 852; x_wconf 74' lang='lat' dir='ltr'><strong>regiae</strong></span> <span class='ocrx_word' id='word_1_66' title='bbox 352 806 516 847; x_wconf 86' lang='lat' dir='ltr'><strong>naves,</strong></span> <span class='ocrx_word' id='word_1_67' title='bbox 555 806 611 834; x_wconf 90' lang='lat' dir='ltr'><strong>ne</strong></span> <span class='ocrx_word' id='word_1_68' title='bbox 643 806 776 852; x_wconf 86' lang='lat' dir='ltr'><strong>prora</strong></span> <span class='ocrx_word' id='word_1_69' title='bbox 811 801 1165 845; x_wconf 73' lang='lat' dir='ltr'><strong>concurrerent,</strong></span> <span class='ocrx_word' id='word_1_70' title='bbox 1196 805 1296 836; x_wconf 90' lang='lat' dir='ltr'><strong>cum</strong></span> <span class='ocrx_word' id='word_1_71' title='bbox 1324 789 1464 836; x_wconf 87' lang='lat' dir='ltr'><strong>decli-</strong></span> 
     </span>
     <span class='ocr_line' id='line_1_11' title="bbox 185 861 1463 925; baseline -0.001 -15"><span class='ocrx_word' id='word_1_72' title='bbox 185 864 351 910; x_wconf 78' lang='lat' dir='ltr'><strong>naffent</strong></span> <span class='ocrx_word' id='word_1_73' title='bbox 370 899 384 921; x_wconf 87' lang='lat'>,</span> <span class='ocrx_word' id='word_1_74' title='bbox 406 880 551 925; x_wconf 84' lang='lat' dir='ltr'><strong>neque</strong></span> <span class='ocrx_word' id='word_1_75' title='bbox 574 862 679 925; x_wconf 71' lang='lat' dir='ltr'><strong>ipsa:</strong></span> <span class='ocrx_word' id='word_1_76' title='bbox 699 861 829 908; x_wconf 82' lang='lat' dir='ltr'><strong>ferire</strong></span> <span class='ocrx_word' id='word_1_77' title='bbox 855 862 1002 908; x_wconf 87' lang='lat' dir='ltr'><strong>rostro</strong></span> <span class='ocrx_word' id='word_1_78' title='bbox 1028 861 1201 908; x_wconf 87' lang='lat' dir='ltr'><strong>hostem</strong></span> <span class='ocrx_word' id='word_1_79' title='bbox 1225 873 1463 924; x_wconf 85' lang='lat' dir='ltr'><strong>poterant,</strong></span> 
     </span>
     <span class='ocr_line' id='line_1_12' title="bbox 189 934 1464 998; baseline -0.002 -14"><span class='ocrx_word' id='word_1_80' title='bbox 189 939 239 984; x_wconf 63' lang='grc' dir='ltr'><strong>δέ</strong></span> <span class='ocrx_word' id='word_1_81' title='bbox 264 938 471 998; x_wconf 77' lang='lat' dir='ltr'><strong>obliquas</strong></span> <span class='ocrx_word' id='word_1_82' title='bbox 505 935 545 982; x_wconf 92' lang='lat' dir='ltr'><strong>se</strong></span> <span class='ocrx_word' id='word_1_83' title='bbox 574 936 676 998; x_wconf 80' lang='lat' dir='ltr'><strong>ipsae</strong></span> <span class='ocrx_word' id='word_1_84' title='bbox 704 936 757 981; x_wconf 81' lang='lat' dir='ltr'><strong>ad</strong></span> <span class='ocrx_word' id='word_1_85' title='bbox 783 936 892 981; x_wconf 63' lang='lat' dir='ltr'><strong>fflus</strong></span> <span class='ocrx_word' id='word_1_86' title='bbox 916 935 1186 997; x_wconf 82' lang='lat' dir='ltr'><strong>praebebant.</strong></span> <span class='ocrx_word' id='word_1_87' title='bbox 1218 937 1293 991; x_wconf 86' lang='lat'><strong>&amp;‚</strong></span> <span class='ocrx_word' id='word_1_88' title='bbox 1322 934 1352 980; x_wconf 87' lang='lat' dir='ltr'><strong>fi</strong></span> <span class='ocrx_word' id='word_1_89' title='bbox 1375 951 1464 997; x_wconf 87' lang='lat' dir='ltr'><strong>qua</strong></span> 
     </span>
     <span class='ocr_line' id='line_1_13' title="bbox 188 1006 1464 1070; baseline -0.002 -14"><span class='ocrx_word' id='word_1_90' title='bbox 188 1022 508 1066; x_wconf 84' lang='lat' dir='ltr'><strong>concurrerat,</strong></span> <span class='ocrx_word' id='word_1_91' title='bbox 534 1008 809 1054; x_wconf 77' lang='lat' dir='ltr'><strong>obruebatur</strong></span> <span class='ocrx_word' id='word_1_92' title='bbox 835 1007 983 1054; x_wconf 84' lang='lat' dir='ltr'><strong>infuso</strong></span> <span class='ocrx_word' id='word_1_93' title='bbox 1013 1007 1135 1070; x_wconf 78' lang='lat' dir='ltr'><strong>igni3</strong></span> <span class='ocrx_word' id='word_1_94' title='bbox 1162 1006 1387 1070; x_wconf 80' lang='lat' dir='ltr'><strong>magisque</strong></span> <span class='ocrx_word' id='word_1_95' title='bbox 1410 1006 1464 1053; x_wconf 89' lang='lat' dir='ltr'><strong>ad</strong></span> 
     </span>
     <span class='ocr_line' id='line_1_14' title="bbox 188 1080 1464 1145; baseline -0.002 -16"><span class='ocrx_word' id='word_1_96' title='bbox 188 1082 442 1129; x_wconf 75' lang='lat' dir='ltr'><strong>incendium</strong></span> <span class='ocrx_word' id='word_1_97' title='bbox 462 1118 475 1138; x_wconf 88' lang='lat'>‚</span> <span class='ocrx_word' id='word_1_98' title='bbox 503 1099 637 1145; x_wconf 84' lang='lat' dir='ltr'><strong>quam</strong></span> <span class='ocrx_word' id='word_1_99' title='bbox 664 1082 718 1128; x_wconf 88' lang='lat' dir='ltr'><strong>ad</strong></span> <span class='ocrx_word' id='word_1_100' title='bbox 749 1081 961 1143; x_wconf 86' lang='lat' dir='ltr'><strong>proelium</strong></span> <span class='ocrx_word' id='word_1_101' title='bbox 979 1117 993 1137; x_wconf 92' lang='lat'>,</span> <span class='ocrx_word' id='word_1_102' title='bbox 1031 1080 1327 1142; x_wconf 79' lang='lat' dir='ltr'><strong>trepidabant.</strong></span> <span class='ocrx_word' id='word_1_103' title='bbox 1359 1080 1464 1126; x_wconf 78' lang='lat' dir='ltr'><strong>Plu-</strong></span> 
     </span>
     <span class='ocr_line' id='line_1_15' title="bbox 189 1152 1464 1215; baseline 0.002 -17"><span class='ocrx_word' id='word_1_104' title='bbox 189 1153 352 1199; x_wconf 81' lang='lat' dir='ltr'><strong>rimum</strong></span> <span class='ocrx_word' id='word_1_105' title='bbox 380 1166 525 1200; x_wconf 86' lang='lat' dir='ltr'><strong>tamen</strong></span> <span class='ocrx_word' id='word_1_106' title='bbox 544 1189 557 1211; x_wconf 90' lang='lat'>,</span> <span class='ocrx_word' id='word_1_107' title='bbox 582 1169 684 1215; x_wconf 79' lang='lat' dir='ltr'><strong>quae</strong></span> <span class='ocrx_word' id='word_1_108' title='bbox 711 1153 855 1210; x_wconf 90' lang='lat' dir='ltr'><strong>solet,</strong></span> <span class='ocrx_word' id='word_1_109' title='bbox 886 1153 1078 1199; x_wconf 87' lang='lat' dir='ltr'><strong>militum</strong></span> <span class='ocrx_word' id='word_1_110' title='bbox 1102 1152 1245 1199; x_wconf 87' lang='lat' dir='ltr'><strong>virtus</strong></span> <span class='ocrx_word' id='word_1_111' title='bbox 1274 1153 1320 1198; x_wconf 88' lang='lat' dir='ltr'><strong>in</strong></span> <span class='ocrx_word' id='word_1_112' title='bbox 1344 1154 1464 1200; x_wconf 92' lang='lat' dir='ltr'><strong>bello</strong></span> 
     </span>
     <span class='ocr_line' id='line_1_16' title="bbox 189 1225 1468 1289; baseline 0.001 -17"><span class='ocrx_word' id='word_1_113' title='bbox 189 1225 346 1273; x_wconf 75' lang='lat' dir='ltr'><strong>valuit.</strong></span> <span class='ocrx_word' id='word_1_114' title='bbox 398 1226 586 1271; x_wconf 87' lang='lat' dir='ltr'><strong>mediam</strong></span> <span class='ocrx_word' id='word_1_115' title='bbox 630 1242 819 1289; x_wconf 83' lang='lat' dir='ltr'><strong>namque</strong></span> <span class='ocrx_word' id='word_1_116' title='bbox 863 1225 1005 1272; x_wconf 87' lang='lat' dir='ltr'><strong>aciem</strong></span> <span class='ocrx_word' id='word_1_117' title='bbox 1042 1225 1235 1271; x_wconf 82' lang='lat' dir='ltr'><strong>hostium</strong></span> <span class='ocrx_word' id='word_1_118' title='bbox 1269 1226 1468 1273; x_wconf 74' lang='lat' dir='ltr'><strong>Romani</strong></span> 
     </span>
     <span class='ocr_line' id='line_1_17' title="bbox 189 1299 1467 1364; baseline -0.002 -16"><span class='ocrx_word' id='word_1_119' title='bbox 189 1317 289 1348; x_wconf 78' lang='lat' dir='ltr'><strong>cum</strong></span> <span class='ocrx_word' id='word_1_120' title='bbox 323 1301 562 1362; x_wconf 66' lang='lat' dir='ltr'><strong>rupissent,</strong></span> <span class='ocrx_word' id='word_1_121' title='bbox 598 1300 884 1347; x_wconf 61' lang='lat' dir='ltr'><strong>circumve&amp;</strong></span> <span class='ocrx_word' id='word_1_122' title='bbox 912 1301 966 1347; x_wconf 86' lang='lat' dir='ltr'><strong>ab</strong></span> <span class='ocrx_word' id='word_1_123' title='bbox 1005 1314 1133 1364; x_wconf 85' lang='lat' dir='ltr'><strong>tergo</strong></span> <span class='ocrx_word' id='word_1_124' title='bbox 1166 1299 1467 1363; x_wconf 78' lang='lat' dir='ltr'><strong>pugnantibus</strong></span> 
     </span>
     <span class='ocr_line' id='line_1_18' title="bbox 191 1373 1467 1436; baseline -0.001 -16"><span class='ocrx_word' id='word_1_125' title='bbox 191 1374 397 1421; x_wconf 86' lang='lat' dir='ltr'><strong>adversus</strong></span> <span class='ocrx_word' id='word_1_126' title='bbox 426 1375 633 1421; x_wconf 81' lang='lat' dir='ltr'><strong>Rhodios</strong></span> <span class='ocrx_word' id='word_1_127' title='bbox 662 1374 793 1436; x_wconf 81' lang='lat' dir='ltr'><strong>regiis</strong></span> <span class='ocrx_word' id='word_1_128' title='bbox 825 1373 909 1420; x_wconf 88' lang='lat' dir='ltr'><strong>sese</strong></span> <span class='ocrx_word' id='word_1_129' title='bbox 933 1373 1173 1435; x_wconf 71' lang='lat' dir='ltr'><strong>objecere:</strong></span> <span class='ocrx_word' id='word_1_130' title='bbox 1203 1386 1467 1420; x_wconf 89' lang='lat' dir='ltr'><strong>momento-</strong></span> 
     </span>
     <span class='ocr_line' id='line_1_19' title="bbox 190 1446 1467 1509; baseline -0.001 -17"><span class='ocrx_word' id='word_1_131' title='bbox 190 1464 277 1509; x_wconf 85' lang='lat' dir='ltr'><strong>que</strong></span> <span class='ocrx_word' id='word_1_132' title='bbox 307 1447 522 1509; x_wconf 83' lang='lat' dir='ltr'><strong>temporis</strong></span> <span class='ocrx_word' id='word_1_133' title='bbox 541 1449 590 1494; x_wconf 83' lang='lat'>&amp;</span> <span class='ocrx_word' id='word_1_134' title='bbox 610 1449 752 1494; x_wconf 85' lang='lat' dir='ltr'><strong>media</strong></span> <span class='ocrx_word' id='word_1_135' title='bbox 778 1447 893 1495; x_wconf 86' lang='lat' dir='ltr'><strong>acies</strong></span> <span class='ocrx_word' id='word_1_136' title='bbox 915 1446 1162 1505; x_wconf 84' lang='lat' dir='ltr'><strong>Antiochi,</strong></span> <span class='ocrx_word' id='word_1_137' title='bbox 1192 1450 1242 1494; x_wconf 86' lang='lat'>&amp;</span> <span class='ocrx_word' id='word_1_138' title='bbox 1269 1447 1390 1493; x_wconf 81' lang='lat' dir='ltr'><strong>laevo</strong></span> <span class='ocrx_word' id='word_1_139' title='bbox 1419 1446 1467 1492; x_wconf 87' lang='lat' dir='ltr'><strong>in</strong></span> 
     </span>
     <span class='ocr_line' id='line_1_20' title="bbox 191 1521 1467 1583; baseline -0.002 -17"><span class='ocrx_word' id='word_1_140' title='bbox 191 1537 336 1567; x_wconf 85' lang='lat' dir='ltr'><strong>cornu</strong></span> <span class='ocrx_word' id='word_1_141' title='bbox 375 1521 695 1567; x_wconf 78' lang='lat' dir='ltr'><strong>circumventae</strong></span> <span class='ocrx_word' id='word_1_142' title='bbox 730 1537 868 1566; x_wconf 86' lang='lat' dir='ltr'><strong>naves</strong></span> <span class='ocrx_word' id='word_1_143' title='bbox 901 1521 1230 1583; x_wconf 83' lang='lat' dir='ltr'><strong>mergebantur.</strong></span> <span class='ocrx_word' id='word_1_144' title='bbox 1265 1521 1467 1566; x_wconf 86' lang='lat' dir='ltr'><strong>Dextera</strong></span> 
     </span>
     <span class='ocr_line' id='line_1_21' title="bbox 189 1590 1467 1654; baseline 0 -18"><span class='ocrx_word' id='word_1_145' title='bbox 189 1608 290 1653; x_wconf 82' lang='lat' dir='ltr'><strong>pars</strong></span> <span class='ocrx_word' id='word_1_146' title='bbox 316 1592 508 1654; x_wconf 76' lang='lat' dir='ltr'><strong>integra,</strong></span> <span class='ocrx_word' id='word_1_147' title='bbox 539 1591 765 1638; x_wconf 86' lang='lat' dir='ltr'><strong>sociorum</strong></span> <span class='ocrx_word' id='word_1_148' title='bbox 786 1591 922 1654; x_wconf 82' lang='lat' dir='ltr'><strong>magis</strong></span> <span class='ocrx_word' id='word_1_149' title='bbox 955 1593 1078 1638; x_wconf 85' lang='lat' dir='ltr'><strong>clade</strong></span> <span class='ocrx_word' id='word_1_150' title='bbox 1094 1628 1107 1647; x_wconf 91' lang='lat'><em>‚</em></span> <span class='ocrx_word' id='word_1_151' title='bbox 1135 1608 1265 1654; x_wconf 85' lang='lat' dir='ltr'><strong>quam</strong></span> <span class='ocrx_word' id='word_1_152' title='bbox 1289 1590 1367 1636; x_wconf 90' lang='lat' dir='ltr'><strong>suo</strong></span> <span class='ocrx_word' id='word_1_153' title='bbox 1388 1607 1467 1652; x_wconf 80' lang='lat' dir='ltr'><strong>pe-</strong></span> 
     </span>
     <span class='ocr_line' id='line_1_22' title="bbox 192 1662 1468 1726; baseline -0.002 -16"><span class='ocrx_word' id='word_1_154' title='bbox 192 1664 365 1722; x_wconf 83' lang='lat' dir='ltr'><strong>riculo,</strong></span> <span class='ocrx_word' id='word_1_155' title='bbox 396 1665 655 1712; x_wconf 84' lang='lat' dir='ltr'><strong>terrebatur.</strong></span> <span class='ocrx_word' id='word_1_156' title='bbox 698 1678 917 1721; x_wconf 86' lang='lat' dir='ltr'><strong>ceterum,</strong></span> <span class='ocrx_word' id='word_1_157' title='bbox 961 1663 1195 1726; x_wconf 85' lang='lat' dir='ltr'><strong>postquam</strong></span> <span class='ocrx_word' id='word_1_158' title='bbox 1239 1662 1344 1709; x_wconf 89' lang='lat' dir='ltr'><strong>alias</strong></span> <span class='ocrx_word' id='word_1_159' title='bbox 1380 1663 1468 1709; x_wconf 88' lang='lat' dir='ltr'><strong>cir-</strong></span> 
     </span>
     <span class='ocr_line' id='line_1_23' title="bbox 192 1737 1469 1802; baseline -0.002 -17"><span class='ocrx_word' id='word_1_160' title='bbox 192 1751 457 1785; x_wconf 84' lang='lat' dir='ltr'><strong>cumventas</strong></span> <span class='ocrx_word' id='word_1_161' title='bbox 480 1775 494 1797; x_wconf 92' lang='lat'><em>‚</em></span> <span class='ocrx_word' id='word_1_162' title='bbox 533 1739 790 1802; x_wconf 74' lang='lat' dir='ltr'><strong>praetoriam</strong></span> <span class='ocrx_word' id='word_1_163' title='bbox 834 1755 997 1785; x_wconf 84' lang='lat' dir='ltr'><strong>navem</strong></span> <span class='ocrx_word' id='word_1_164' title='bbox 1032 1737 1361 1800; x_wconf 79' lang='lat' dir='ltr'><strong>Polyxenidae,</strong></span> <span class='ocrx_word' id='word_1_165' title='bbox 1394 1752 1469 1782; x_wconf 90' lang='lat' dir='ltr'><strong>re—</strong></span> 
     </span>
     <span class='ocr_line' id='line_1_24' title="bbox 192 1809 1467 1870; baseline -0.002 -13"><span class='ocrx_word' id='word_1_166' title='bbox 192 1811 306 1858; x_wconf 71' lang='lat' dir='ltr'><strong>liffis</strong></span> <span class='ocrx_word' id='word_1_167' title='bbox 337 1812 499 1869; x_wconf 87' lang='lat' dir='ltr'><strong>sociis,</strong></span> <span class='ocrx_word' id='word_1_168' title='bbox 535 1812 637 1859; x_wconf 91' lang='lat' dir='ltr'><strong>vela</strong></span> <span class='ocrx_word' id='word_1_169' title='bbox 668 1813 844 1858; x_wconf 82' lang='lat' dir='ltr'><strong>dantem</strong></span> <span class='ocrx_word' id='word_1_170' title='bbox 877 1811 1059 1868; x_wconf 85' lang='lat' dir='ltr'><strong>videre,</strong></span> <span class='ocrx_word' id='word_1_171' title='bbox 1096 1809 1272 1856; x_wconf 84' lang='lat' dir='ltr'><strong>sublatis</strong></span> <span class='ocrx_word' id='word_1_172' title='bbox 1306 1810 1467 1870; x_wconf 84' lang='lat' dir='ltr'><strong>raptim</strong></span> 
     </span>
     <span class='ocr_line' id='line_1_25' title="bbox 194 1881 1464 1950; baseline -0.002 -18"><span class='ocrx_word' id='word_1_173' title='bbox 194 1886 437 1932; x_wconf 68' lang='lat' dir='ltr'><strong>d0³0nibus</strong></span> <span class='ocrx_word' id='word_1_174' title='bbox 473 1886 553 1950; x_wconf 60' lang='grc' dir='ltr'><strong>(δέ</strong></span> <span class='ocrx_word' id='word_1_175' title='bbox 586 1898 678 1933; x_wconf 84' lang='lat' dir='ltr'><strong>erat</strong></span> <span class='ocrx_word' id='word_1_176' title='bbox 711 1885 927 1933; x_wconf 86' lang='lat' dir='ltr'><strong>secundus</strong></span> <span class='ocrx_word' id='word_1_177' title='bbox 963 1884 1212 1947; x_wconf 76' lang='lat' dir='ltr'><strong>petentibus</strong></span> <span class='ocrx_word' id='word_1_178' title='bbox 1245 1881 1464 1943; x_wconf 83' lang='lat' dir='ltr'><strong>Ephesum</strong></span> 
     </span>
     <span class='ocr_line' id='line_1_26' title="bbox 194 1954 1469 2020; baseline -0.005 -16"><span class='ocrx_word' id='word_1_179' title='bbox 194 1959 394 2019; x_wconf 83' lang='lat' dir='ltr'><strong>ventus)</strong></span> <span class='ocrx_word' id='word_1_180' title='bbox 426 1957 650 2020; x_wconf 78' lang='lat' dir='ltr'><strong>capeffunt</strong></span> <span class='ocrx_word' id='word_1_181' title='bbox 674 1955 847 2019; x_wconf 75' lang='lat' dir='ltr'><strong>fugam,</strong></span> <span class='ocrx_word' id='word_1_182' title='bbox 883 1955 1169 2019; x_wconf 85' lang='lat' dir='ltr'><strong>quadraginta</strong></span> <span class='ocrx_word' id='word_1_183' title='bbox 1197 1954 1366 2001; x_wconf 85' lang='lat' dir='ltr'><strong>duabus</strong></span> <span class='ocrx_word' id='word_1_184' title='bbox 1389 1970 1469 1999; x_wconf 87' lang='lat' dir='ltr'><strong>na-</strong></span> 
     </span>
     <span class='ocr_line' id='line_1_27' title="bbox 196 2027 1470 2092; baseline -0.002 -18"><span class='ocrx_word' id='word_1_185' title='bbox 196 2029 331 2075; x_wconf 86' lang='lat' dir='ltr'><strong>vibus</strong></span> <span class='ocrx_word' id='word_1_186' title='bbox 359 2029 405 2075; x_wconf 91' lang='lat' dir='ltr'><strong>in</strong></span> <span class='ocrx_word' id='word_1_187' title='bbox 432 2045 481 2075; x_wconf 84' lang='lat' dir='ltr'><strong>ea</strong></span> <span class='ocrx_word' id='word_1_188' title='bbox 517 2046 663 2092; x_wconf 82' lang='lat' dir='ltr'><strong>pugna</strong></span> <span class='ocrx_word' id='word_1_189' title='bbox 695 2029 883 2084; x_wconf 80' lang='lat' dir='ltr'><strong>amiffi53</strong></span> <span class='ocrx_word' id='word_1_190' title='bbox 915 2045 1103 2092; x_wconf 87' lang='lat' dir='ltr'><strong>quarum</strong></span> <span class='ocrx_word' id='word_1_191' title='bbox 1137 2027 1287 2074; x_wconf 80' lang='lat' dir='ltr'><strong>decern</strong></span> <span class='ocrx_word' id='word_1_192' title='bbox 1314 2027 1363 2072; x_wconf 88' lang='lat'>&amp;</span> <span class='ocrx_word' id='word_1_193' title='bbox 1383 2039 1470 2072; x_wconf 85' lang='lat' dir='ltr'><strong>tres</strong></span> 
     </span>
     <span class='ocr_line' id='line_1_28' title="bbox 197 2099 1470 2163; baseline -0.005 -13"><span class='ocrx_word' id='word_1_194' title='bbox 197 2113 337 2163; x_wconf 77' lang='lat' dir='ltr'><strong>captae</strong></span> <span class='ocrx_word' id='word_1_195' title='bbox 360 2101 406 2146; x_wconf 84' lang='lat' dir='ltr'><strong>in</strong></span> <span class='ocrx_word' id='word_1_196' title='bbox 435 2101 696 2163; x_wconf 88' lang='lat' dir='ltr'><strong>potestatem</strong></span> <span class='ocrx_word' id='word_1_197' title='bbox 726 2101 921 2148; x_wconf 83' lang='lat' dir='ltr'><strong>hostium</strong></span> <span class='ocrx_word' id='word_1_198' title='bbox 944 2112 1196 2157; x_wconf 84' lang='lat' dir='ltr'><strong>venerunt,</strong></span> <span class='ocrx_word' id='word_1_199' title='bbox 1223 2112 1378 2147; x_wconf 87' lang='lat' dir='ltr'><strong>ceterae</strong></span> <span class='ocrx_word' id='word_1_200' title='bbox 1398 2099 1470 2145; x_wconf 88' lang='lat' dir='ltr'><strong>in-</strong></span> 
     </span>
     <span class='ocr_line' id='line_1_29' title="bbox 195 2171 1470 2221; baseline -0.003 -1"><span class='ocrx_word' id='word_1_201' title='bbox 195 2174 336 2220; x_wconf 80' lang='lat' dir='ltr'><strong>censae</strong></span> <span class='ocrx_word' id='word_1_202' title='bbox 359 2186 431 2220; x_wconf 86' lang='lat' dir='ltr'><strong>aut</strong></span> <span class='ocrx_word' id='word_1_203' title='bbox 458 2173 678 2221; x_wconf 68' lang='lat' dir='ltr'><strong>demersae.</strong></span> <span class='ocrx_word' id='word_1_204' title='bbox 707 2175 1019 2220; x_wconf 82' lang='lat' dir='ltr'><strong>Romanorum</strong></span> <span class='ocrx_word' id='word_1_205' title='bbox 1042 2174 1141 2220; x_wconf 80' lang='lat' dir='ltr'><strong>duae</strong></span> <span class='ocrx_word' id='word_1_206' title='bbox 1161 2189 1298 2219; x_wconf 84' lang='lat' dir='ltr'><strong>naves</strong></span> <span class='ocrx_word' id='word_1_207' title='bbox 1323 2171 1470 2217; x_wconf 60' lang='lat' dir='ltr'><strong>fractae</strong></span> 
     </span>
     <span class='ocr_line' id='line_1_30' title="bbox 198 2247 1471 2311; baseline -0.005 -17"><span class='ocrx_word' id='word_1_208' title='bbox 198 2248 325 2306; x_wconf 85' lang='lat' dir='ltr'><strong>sunt,</strong></span> <span class='ocrx_word' id='word_1_209' title='bbox 349 2248 593 2296; x_wconf 68' lang='lat' dir='ltr'><strong>vulneratae</strong></span> <span class='ocrx_word' id='word_1_210' title='bbox 615 2247 798 2311; x_wconf 86' lang='lat' dir='ltr'><strong>aliquot.</strong></span> <span class='ocrx_word' id='word_1_211' title='bbox 830 2247 1007 2293; x_wconf 82' lang='lat' dir='ltr'><strong>Rhodia</strong></span> <span class='ocrx_word' id='word_1_212' title='bbox 1030 2265 1118 2293; x_wconf 90' lang='lat' dir='ltr'><strong>una</strong></span> <span class='ocrx_word' id='word_1_213' title='bbox 1143 2257 1269 2306; x_wconf 84' lang='lat' dir='ltr'><strong>capta</strong></span> <span class='ocrx_word' id='word_1_214' title='bbox 1295 2259 1471 2290; x_wconf 82' lang='lat' dir='ltr'><strong>memo-</strong></span> 
     </span>
     <span class='ocr_line' id='line_1_31' title="bbox 197 2314 1473 2381; baseline -0.006 -15"><span class='ocrx_word' id='word_1_215' title='bbox 197 2321 328 2366; x_wconf 82' lang='lat' dir='ltr'><strong>rabili</strong></span> <span class='ocrx_word' id='word_1_216' title='bbox 362 2321 475 2368; x_wconf 82' lang='lat' dir='ltr'><strong>casu.</strong></span> <span class='ocrx_word' id='word_1_217' title='bbox 513 2339 612 2368; x_wconf 88' lang='lat' dir='ltr'><strong>nam</strong></span> <span class='ocrx_word' id='word_1_218' title='bbox 630 2357 644 2380; x_wconf 89' lang='lat'>‚</span> <span class='ocrx_word' id='word_1_219' title='bbox 670 2338 770 2367; x_wconf 87' lang='lat' dir='ltr'><strong>cum</strong></span> <span class='ocrx_word' id='word_1_220' title='bbox 793 2319 938 2368; x_wconf 83' lang='lat' dir='ltr'><strong>rostro</strong></span> <span class='ocrx_word' id='word_1_221' title='bbox 962 2317 1227 2381; x_wconf 79' lang='lat' dir='ltr'><strong>percuffiffet</strong></span> <span class='ocrx_word' id='word_1_222' title='bbox 1245 2314 1473 2361; x_wconf 83' lang='lat' dir='ltr'><strong>Sidoniam</strong></span> 
     </span>
     <span class='ocr_line' id='line_1_32' title="bbox 199 2388 1471 2457; baseline -0.005 -18"><span class='ocrx_word' id='word_1_223' title='bbox 199 2409 362 2443; x_wconf 86' lang='lat' dir='ltr'><strong>navem</strong></span> <span class='ocrx_word' id='word_1_224' title='bbox 381 2430 394 2454; x_wconf 63' lang='lat'>5</span> <span class='ocrx_word' id='word_1_225' title='bbox 414 2411 608 2456; x_wconf 79' lang='lat' dir='ltr'><strong>ancora,</strong></span> <span class='ocrx_word' id='word_1_226' title='bbox 627 2394 717 2443; x_wconf 65' lang='lat' dir='ltr'><strong>&#39;nitu</strong></span> <span class='ocrx_word' id='word_1_227' title='bbox 741 2392 838 2457; x_wconf 86' lang='lat' dir='ltr'><strong>ipso</strong></span> <span class='ocrx_word' id='word_1_228' title='bbox 857 2393 1035 2442; x_wconf 87' lang='lat' dir='ltr'><strong>excussa</strong></span> <span class='ocrx_word' id='word_1_229' title='bbox 1055 2409 1077 2439; x_wconf 87' lang='lat' dir='ltr'><strong>e</strong></span> <span class='ocrx_word' id='word_1_230' title='bbox 1097 2406 1209 2439; x_wconf 83' lang='lat' dir='ltr'><strong>nave</strong></span> <span class='ocrx_word' id='word_1_231' title='bbox 1231 2388 1303 2437; x_wconf 84' lang='lat' dir='ltr'><strong>sua</strong></span> <span class='ocrx_word' id='word_1_232' title='bbox 1314 2423 1329 2448; x_wconf 85' lang='lat'>,</span> <span class='ocrx_word' id='word_1_233' title='bbox 1349 2402 1471 2434; x_wconf 86' lang='lat' dir='ltr'><strong>unco</strong></span> 
     </span>
    </p>
   </div>
   <div class='ocr_carea' id='block_1_3' title="bbox 1606 0 1618 581">
    <p class='ocr_par' dir='ltr' id='par_1_3' title="bbox 1606 0 1618 581">
     <span class='ocr_line' id='line_1_33' title="bbox 1606 0 1618 581; baseline 0 2134"><span class='ocrx_word' id='word_1_234' title='bbox 1606 0 1618 581; x_wconf 95' lang='lat' dir='ltr'><strong> </strong></span> 
     </span>
    </p>
   </div>
  </div>
 </body>
</html>
