1618 2715
135 76 225 134 ιώ»
505 73 1066 120 T1T1L1V11

134 199 222 245 que
244 180 306 228 ibi
329 197 464 228 naves
485 180 617 243 regiae
640 180 802 237 essent,
822 180 1083 226 concideret
1103 195 1422 244 cremaretque.

136 254 366 302 ProseElus
387 254 441 301 ab
462 253 639 316 Epheso
654 290 668 312 ,
686 253 1013 317 quinquaginta
1036 254 1170 300 tectas
1188 270 1328 301 naves
1347 265 1425 300 aut

138 328 372 385 concidit,
403 341 477 374 aut
510 328 726 374 incendit.
752 326 1015 375 Telmiffum
1048 328 1201 374 eadem
1236 327 1425 391 expedi-

138 403 265 449 tione
282 439 296 461 ,
321 403 487 450 territis
508 404 655 449 subito
682 404 882 450 adventu
907 404 1047 450 claffis
1072 403 1332 466 oppidanis,
1353 419 1426 448 re-

143 475 277 537 cepit.
308 478 375 521 Ex
410 475 552 538 Lycia
582 477 809 537 protinus,
835 476 953 537 juffis
987 477 1040 523 ab
1071 477 1247 539 Epheso
1278 476 1429 539 sequi,

144 549 222 610 qui
246 547 309 592 ibi
335 547 474 594 relicti
507 561 656 607 erant,
686 566 766 611 per
793 548 958 597 insulas
978 549 1023 596 in
1047 549 1270 596 Graeciarn
1292 547 1431 610 traje-

147 619 223 665 cit.
243 620 434 667 Athenis
455 636 624 682 paucos
646 631 846 668 moratus
868 620 984 678 dies,
1004 622 1111 667 dum
1133 621 1347 668 Piraeeum
1374 621 1429 668 ab

147 692 324 755 Epheso
346 709 486 750 naves
507 693 719 740 venirent
734 730 747 751 ‚
775 706 919 741 totam
941 694 1043 740 inde
1075 693 1248 741 classem
1276 693 1322 739 in
1341 695 1430 739 Ita-

149 765 253 813 liam
282 767 477 813 reduxit.
511 768 599 815 Cn.
629 768 823 814 Manlius
858 785 962 815 cum
992 769 1109 815 inter
1136 780 1304 826 cetera,
1334 785 1434 832 quae

150 838 411 901 accipienda
436 839 492 886 ab
512 841 749 888 Antiocho
780 853 930 900 erant,
962 841 1225 904 elephantos
1250 859 1436 906 quoque

153 910 411 974 accepisset,
428 912 643 976 donoque
664 914 853 960 Eumeni
879 930 1035 960 omnes
1049 914 1256 969 dediffet3
1277 913 1437 960 deinde

153 982 304 1030 causas
334 983 594 1041 civitatum,
619 986 769 1033 multis
796 987 913 1032 inter
939 1002 1085 1033 novas
1119 1003 1187 1032 res
1223 986 1438 1044 turbatis,

156 1054 395 1118 cognovit.
414 1057 468 1101 Et
489 1056 743 1105 Ariarathes
766 1075 843 1103 rex
859 1095 873 1116 ,
893 1069 1017 1121 parte
1034 1057 1216 1104 dimidia
1237 1056 1441 1119 pecuniae

157 1128 384 1191 imperata:
399 1165 413 1185 ‚
437 1131 647 1177 Eumenis
675 1130 896 1178 beneficio
911 1167 924 1189 ‚
953 1130 1024 1177 cui
1048 1129 1342 1193 desponderat
1362 1146 1441 1192 per

159 1219 239 1249 eos
268 1202 359 1249 dies
387 1201 547 1261 filiam,
572 1203 766 1261 remissa,
788 1203 832 1249 in
866 1202 1108 1250 amicitiam
1129 1202 1189 1249 est
1220 1215 1444 1265 acceptus.

162 1276 415 1323 Civitatum
437 1289 587 1323 autem
605 1276 798 1340 cognitis
819 1276 976 1334 causis,
993 1276 1145 1322 decem
1166 1273 1296 1337 legati
1313 1273 1442 1319 aliam

164 1348 349 1395 aliarum
388 1349 591 1396 fecerunt
630 1350 959 1397 conditionem.
1001 1350 1117 1409 Quae
1152 1346 1447 1411 stipendiariae

163 1425 254 1487 regi
291 1424 527 1472 Antiocho
563 1425 769 1482 fuerant,
799 1427 845 1472 ὃ(
887 1442 991 1471 cum
1026 1422 1199 1486 populo
1231 1423 1445 1468 Romano

165 1498 384 1545 senserant
399 1534 414 1557 ,
435 1499 488 1545 iis
510 1498 836 1546 immunitatem
857 1498 1073 1544 dederunt
1093 1515 1105 1542 τ
1133 1513 1234 1559 quae
1254 1495 1447 1558 partium

166 1571 385 1618 Antiochi
409 1571 607 1631 fuerant,
631 1585 708 1619 aut
738 1570 1032 1634 stipendiariae
1054 1569 1191 1616 Attali
1216 1568 1357 1632 regis,
1375 1584 1449 1615 eas

167 1660 328 1690 omnes
348 1644 537 1708 veiligal
556 1645 748 1707 pendere
772 1643 962 1691 Eumeni
985 1642 1214 1703 jusserunt.
1242 1639 1451 1686 nomina-

168 1717 248 1764 tim
274 1730 488 1779 praeterea
511 1716 818 1780 Colophoniis
834 1752 848 1774 ‚
869 1715 948 1780 qui
975 1714 1021 1760 in
1045 1714 1190 1760 Notio
1218 1713 1451 1769 habitant,

171 1791 222 1838 &
253 1791 480 1855 Cymaeis‚
513 1793 564 1840 &
596 1790 841 1856 Mylasenis
870 1788 1194 1837 immunitatem
1228 1786 1456 1835 concesse-

172 1876 294 1911 runt,
317 1864 647 1923 Clazomeniis,
666 1864 793 1927 super
813 1862 1139 1910 immunitatem
1152 1898 1166 1918 ‚
1180 1861 1229 1908 δι
1245 1861 1455 1923 Drymu-

175 1937 265 1984 sam
291 1937 479 1984 insulam
505 1938 632 1985 dono
661 1937 906 1984 dederunt:
927 1937 976 1983 &
1002 1933 1184 1983 Milesiis
1200 1969 1213 1991 ‚
1233 1949 1364 1996 quem
1390 1930 1456 1979 sa-

174 2028 301 2057 crum
336 2011 590 2072 appellant,
618 2027 771 2073 agrum
805 2009 1118 2056 restituerunt:
1151 2003 1456 2053 &Iliensibus

175 2083 423 2129 Rhoeteum
456 2085 505 2130 &
536 2083 801 2146 Gergithum
830 2081 1121 2138 addiderunt,
1148 2096 1244 2126 non
1273 2089 1361 2124 tam
1393 2077 1455 2123 ob

173 2156 373 2202 recentia
391 2155 482 2201 ulla
501 2155 684 2214 merita,
703 2172 837 2219 quam
867 2154 1095 2218 originum
1115 2149 1349 2199 memoria.
1381 2166 1456 2194 ea-

177 2228 279 2274 dem
309 2229 358 2275 &
378 2229 638 2276 Dardanum
665 2228 884 2275 liberandi
904 2227 1031 2274 causa
1050 2225 1151 2276 fuit.
1178 2222 1318 2270 Chios
1338 2237 1458 2284 quo-

150 2318 294 2363 ¹tine,
327 2305 376 2351 ὅ(
406 2304 695 2368 Smyrnaeos‚
726 2303 775 2350 ὃ(
810 2300 1100 2366 Erythraeos,
1133 2313 1220 2360 pro
1250 2293 1463 2359 singulari

178 2374 287 2437 fide,
307 2394 443 2441 <guam
461 2395 517 2426 eo
536 2377 657 2426 bello
674 2375 999 2443 praestiterunt,
1012 2374 1062 2422 &
1080 2387 1189 2437 agro
1205 2370 1460 2424 donarunt,
