<?xml version="1.0" encoding="UTF-8"?>
<!DOCTYPE html PUBLIC "-//W3C//DTD XHTML 1.0 Transitional//EN"
    "http://www.w3.org/TR/xhtml1/DTD/xhtml1-transitional.dtd">
<html xmlns="http://www.w3.org/1999/xhtml" xml:lang="en" lang="en">
 <head>
  <title>
</title>
<meta http-equiv="Content-Type" content="text/html;charset=utf-8" />
  <meta name='ocr-system' content='tesseract 3.04.00' />
  <meta name='ocr-capabilities' content='ocr_page ocr_carea ocr_par ocr_line ocrx_word'/>
</head>
<body>
  <div class='ocr_page' id='page_1' title='image "./historiarumlibri06livyuoft_0455.png"; bbox 0 0 1618 2715; ppageno 0'>
   <div class='ocr_carea' id='block_1_1' title="bbox 6 778 16 1508">
    <p class='ocr_par' dir='ltr' id='par_1_1' title="bbox 6 778 16 1508">
     <span class='ocr_line' id='line_1_1' title="bbox 6 778 16 1508; baseline 0 0"><span class='ocrx_word' id='word_1_1' title='bbox 6 778 16 1508; x_wconf 95' lang='lat' dir='ltr'> </span> 
     </span>
    </p>
   </div>
   <div class='ocr_carea' id='block_1_2' title="bbox 353 140 1428 208">
    <p class='ocr_par' dir='ltr' id='par_1_2' title="bbox 353 140 1428 208">
     <span class='ocr_line' id='line_1_2' title="bbox 353 140 1428 208; baseline 0.005 -19"><span class='ocrx_word' id='word_1_2' title='bbox 353 140 894 190; x_wconf 71' lang='lat' dir='ltr'>HISTORIARUM</span> <span class='ocrx_word' id='word_1_3' title='bbox 930 145 1052 191; x_wconf 82' lang='lat' dir='ltr'>LIB.</span> <span class='ocrx_word' id='word_1_4' title='bbox 1090 146 1207 192; x_wconf 85' lang='lat' dir='ltr'>XLI.</span> <span class='ocrx_word' id='word_1_5' title='bbox 1340 164 1428 208; x_wconf 62' lang='lat'>44⁶</span> 
     </span>
    </p>
   </div>
   <div class='ocr_carea' id='block_1_3' title="bbox 1407 185 1428 212">
    <p class='ocr_par' dir='ltr' id='par_1_3' title="bbox 1407 185 1428 212">
     <span class='ocr_line' id='line_1_3' title="bbox 1407 185 1428 212; baseline 0 0"><span class='ocrx_word' id='word_1_6' title='bbox 1407 185 1428 212; x_wconf 83' lang='grc'><strong><em>&gt;</em></strong></span> 
     </span>
    </p>
   </div>
   <div class='ocr_carea' id='block_1_4' title="bbox 143 249 1437 825">
    <p class='ocr_par' dir='ltr' id='par_1_4' title="bbox 143 249 1437 825">
     <span class='ocr_line' id='line_1_4' title="bbox 148 249 1436 317; baseline 0.005 -20"><span class='ocrx_word' id='word_1_7' title='bbox 148 249 289 297; x_wconf 83' lang='lat' dir='ltr'>devio</span> <span class='ocrx_word' id='word_1_8' title='bbox 326 250 437 297; x_wconf 82' lang='lat' dir='ltr'>saltu</span> <span class='ocrx_word' id='word_1_9' title='bbox 474 250 814 311; x_wconf 67' lang='lat' dir='ltr'>circumducla‚</span> <span class='ocrx_word' id='word_1_10' title='bbox 852 252 907 298; x_wconf 90' lang='lat' dir='ltr'>ab</span> <span class='ocrx_word' id='word_1_11' title='bbox 943 264 1074 316; x_wconf 86' lang='lat' dir='ltr'>tergo</span> <span class='ocrx_word' id='word_1_12' title='bbox 1108 254 1436 317; x_wconf 78' lang='lat' dir='ltr'>aggrederetur.</span> 
     </span>
     <span class='ocr_line' id='line_1_5' title="bbox 145 323 1436 389; baseline 0.002 -19"><span class='ocrx_word' id='word_1_13' title='bbox 145 325 383 381; x_wconf 86' lang='lat' dir='ltr'>Ceterum,</span> <span class='ocrx_word' id='word_1_14' title='bbox 414 323 672 386; x_wconf 75' lang='lat' dir='ltr'>priusquam</span> <span class='ocrx_word' id='word_1_15' title='bbox 700 324 935 371; x_wconf 88' lang='lat' dir='ltr'>circumire</span> <span class='ocrx_word' id='word_1_16' title='bbox 955 326 1090 371; x_wconf 87' lang='lat' dir='ltr'>castra</span> <span class='ocrx_word' id='word_1_17' title='bbox 1115 325 1308 372; x_wconf 86' lang='lat' dir='ltr'>hostium</span> <span class='ocrx_word' id='word_1_18' title='bbox 1329 327 1436 389; x_wconf 90' lang='lat' dir='ltr'>pos-</span> 
     </span>
     <span class='ocr_line' id='line_1_6' title="bbox 147 395 1437 462; baseline 0.006 -22"><span class='ocrx_word' id='word_1_19' title='bbox 147 395 267 453; x_wconf 84' lang='lat' dir='ltr'>sent,</span> <span class='ocrx_word' id='word_1_20' title='bbox 298 409 540 457; x_wconf 79' lang='lat' dir='ltr'>pugnatum</span> <span class='ocrx_word' id='word_1_21' title='bbox 569 397 660 454; x_wconf 85' lang='lat' dir='ltr'>est;</span> <span class='ocrx_word' id='word_1_22' title='bbox 692 398 889 461; x_wconf 67' lang='lat' dir='ltr'>viffique</span> <span class='ocrx_word' id='word_1_23' title='bbox 918 399 1120 445; x_wconf 78' lang='lat' dir='ltr'>Dardani</span> <span class='ocrx_word' id='word_1_24' title='bbox 1152 401 1437 462; x_wconf 82' lang='lat' dir='ltr'>compellun-</span> 
     </span>
     <span class='ocr_line' id='line_1_7' title="bbox 145 467 1435 534; baseline 0.007 -22"><span class='ocrx_word' id='word_1_25' title='bbox 145 478 219 513; x_wconf 81' lang='lat' dir='ltr'>tur</span> <span class='ocrx_word' id='word_1_26' title='bbox 249 467 294 512; x_wconf 85' lang='lat' dir='ltr'>in</span> <span class='ocrx_word' id='word_1_27' title='bbox 327 469 483 514; x_wconf 90' lang='lat' dir='ltr'>urbem</span> <span class='ocrx_word' id='word_1_28' title='bbox 502 504 516 527; x_wconf 86' lang='lat'>‚</span> <span class='ocrx_word' id='word_1_29' title='bbox 551 487 652 534; x_wconf 82' lang='lat' dir='ltr'>quae</span> <span class='ocrx_word' id='word_1_30' title='bbox 673 470 766 516; x_wconf 88' lang='lat' dir='ltr'>fere</span> <span class='ocrx_word' id='word_1_31' title='bbox 792 470 1031 518; x_wconf 86' lang='lat' dir='ltr'>duodecim</span> <span class='ocrx_word' id='word_1_32' title='bbox 1050 471 1189 519; x_wconf 89' lang='lat' dir='ltr'>millia</span> <span class='ocrx_word' id='word_1_33' title='bbox 1208 472 1264 519; x_wconf 87' lang='lat' dir='ltr'>ab</span> <span class='ocrx_word' id='word_1_34' title='bbox 1283 473 1435 522; x_wconf 81' lang='lat' dir='ltr'>castris</span> 
     </span>
     <span class='ocr_line' id='line_1_8' title="bbox 144 540 1435 591; baseline 0.005 -6"><span class='ocrx_word' id='word_1_35' title='bbox 144 540 452 587; x_wconf 86' lang='lat' dir='ltr'>Bastarnarum</span> <span class='ocrx_word' id='word_1_36' title='bbox 486 541 650 589; x_wconf 83' lang='lat' dir='ltr'>aberat.</span> <span class='ocrx_word' id='word_1_37' title='bbox 695 542 900 589; x_wconf 63' lang='lat' dir='ltr'>Victores</span> <span class='ocrx_word' id='word_1_38' title='bbox 931 542 1170 589; x_wconf 85' lang='lat' dir='ltr'>confestim</span> <span class='ocrx_word' id='word_1_39' title='bbox 1206 544 1435 591; x_wconf 75' lang='lat' dir='ltr'>circumfi-</span> 
     </span>
     <span class='ocr_line' id='line_1_9' title="bbox 143 612 1436 679; baseline 0.005 -22"><span class='ocrx_word' id='word_1_40' title='bbox 143 612 257 658; x_wconf 87' lang='lat' dir='ltr'>dunt</span> <span class='ocrx_word' id='word_1_41' title='bbox 277 613 431 658; x_wconf 84' lang='lat' dir='ltr'>urbem</span> <span class='ocrx_word' id='word_1_42' title='bbox 449 649 464 670; x_wconf 90' lang='lat'><em>‚</em></span> <span class='ocrx_word' id='word_1_43' title='bbox 495 614 613 661; x_wconf 86' lang='lat' dir='ltr'>haud</span> <span class='ocrx_word' id='word_1_44' title='bbox 643 614 776 661; x_wconf 88' lang='lat' dir='ltr'>dubie</span> <span class='ocrx_word' id='word_1_45' title='bbox 802 615 987 679; x_wconf 86' lang='lat' dir='ltr'>postero</span> <span class='ocrx_word' id='word_1_46' title='bbox 1009 617 1080 662; x_wconf 89' lang='lat' dir='ltr'>die</span> <span class='ocrx_word' id='word_1_47' title='bbox 1110 627 1186 662; x_wconf 88' lang='lat' dir='ltr'>aut</span> <span class='ocrx_word' id='word_1_48' title='bbox 1214 629 1335 664; x_wconf 88' lang='lat' dir='ltr'>metu</span> <span class='ocrx_word' id='word_1_49' title='bbox 1355 618 1436 664; x_wconf 89' lang='lat' dir='ltr'>de·-</span> 
     </span>
     <span class='ocr_line' id='line_1_10' title="bbox 145 685 1435 751; baseline 0.005 -20"><span class='ocrx_word' id='word_1_50' title='bbox 145 685 305 731; x_wconf 83' lang='lat' dir='ltr'>dituris</span> <span class='ocrx_word' id='word_1_51' title='bbox 341 685 383 731; x_wconf 86' lang='lat' dir='ltr'>se</span> <span class='ocrx_word' id='word_1_52' title='bbox 420 685 656 745; x_wconf 85' lang='lat' dir='ltr'>hostibus,</span> <span class='ocrx_word' id='word_1_53' title='bbox 695 700 771 734; x_wconf 89' lang='lat' dir='ltr'>aut</span> <span class='ocrx_word' id='word_1_54' title='bbox 805 688 857 736; x_wconf 87' lang='lat' dir='ltr'>vi</span> <span class='ocrx_word' id='word_1_55' title='bbox 891 689 1208 751; x_wconf 79' lang='lat' dir='ltr'>expugnaturi.</span> <span class='ocrx_word' id='word_1_56' title='bbox 1251 690 1435 738; x_wconf 83' lang='lat' dir='ltr'>Interim</span> 
     </span>
     <span class='ocr_line' id='line_1_11' title="bbox 145 759 1435 825; baseline 0.003 -19"><span class='ocrx_word' id='word_1_57' title='bbox 145 759 469 806; x_wconf 82' lang='lat' dir='ltr'>Dardanorum</span> <span class='ocrx_word' id='word_1_58' title='bbox 490 759 625 806; x_wconf 86' lang='lat' dir='ltr'>altera</span> <span class='ocrx_word' id='word_1_59' title='bbox 657 777 815 808; x_wconf 84' lang='lat' dir='ltr'>manus</span> <span class='ocrx_word' id='word_1_60' title='bbox 829 797 843 820; x_wconf 90' lang='lat'>‚</span> <span class='ocrx_word' id='word_1_61' title='bbox 872 779 976 825; x_wconf 81' lang='lat' dir='ltr'>quae</span> <span class='ocrx_word' id='word_1_62' title='bbox 995 761 1296 809; x_wconf 58' lang='lat' dir='ltr'>circumducia</span> <span class='ocrx_word' id='word_1_63' title='bbox 1317 776 1435 823; x_wconf 82' lang='lat' dir='ltr'>erat,</span> 
     </span>
    </p>
   </div>
   <div class='ocr_carea' id='block_1_5' title="bbox 146 831 1437 951">
    <p class='ocr_par' dir='ltr' id='par_1_5' title="bbox 146 831 1437 951">
     <span class='ocr_line' id='line_1_12' title="bbox 146 831 1437 901; baseline 0.004 -23"><span class='ocrx_word' id='word_1_64' title='bbox 146 832 297 894; x_wconf 80' lang='lat' dir='ltr'>ignara</span> <span class='ocrx_word' id='word_1_65' title='bbox 319 831 456 878; x_wconf 85' lang='lat' dir='ltr'>cladis</span> <span class='ocrx_word' id='word_1_66' title='bbox 476 831 660 880; x_wconf 87' lang='lat' dir='ltr'>suorum</span> <span class='ocrx_word' id='word_1_67' title='bbox 678 870 693 893; x_wconf 87' lang='lat'>‚</span> <span class='ocrx_word' id='word_1_68' title='bbox 713 835 853 882; x_wconf 90' lang='lat' dir='ltr'>castra</span> <span class='ocrx_word' id='word_1_69' title='bbox 873 834 1184 883; x_wconf 86' lang='lat' dir='ltr'>Bastarnarum</span> <span class='ocrx_word' id='word_1_70' title='bbox 1203 835 1294 883; x_wconf 85' lang='lat' dir='ltr'>fine</span> <span class='ocrx_word' id='word_1_71' title='bbox 1318 853 1437 901; x_wconf 59' lang='lat' dir='ltr'>prae-2</span> 
     </span>
     <span class='ocr_line' id='line_1_13' title="bbox 147 903 431 951; baseline -0.004 0"><span class='ocrx_word' id='word_1_72' title='bbox 147 905 261 951; x_wconf 79' lang='lat' dir='ltr'>sidio</span> <span class='ocrx_word' id='word_1_73' title='bbox 281 903 431 951; x_wconf 68' lang='lat' dir='ltr'>relicla</span> 
     </span>
    </p>
   </div>
   <div class='ocr_carea' id='block_1_6' title="bbox 139 992 1435 1920">
    <p class='ocr_par' dir='ltr' id='par_1_6' title="bbox 660 992 940 1056">
     <span class='ocr_line' id='line_1_14' title="bbox 660 992 940 1019; baseline 0.004 -1"><span class='ocrx_word' id='word_1_74' title='bbox 660 994 686 1018; x_wconf 66' lang='lat'>{-</span> <span class='ocrx_word' id='word_1_75' title='bbox 911 992 940 1019; x_wconf 64' lang='lat'>{-</span> 
     </span>
     <span class='ocr_line' id='line_1_15' title="bbox 784 1030 812 1056; baseline 0 0"><span class='ocrx_word' id='word_1_76' title='bbox 784 1030 812 1056; x_wconf 52' lang='grc' dir='ltr'><strong><em>ἃ</em></strong></span> 
     </span>
    </p>

    <p class='ocr_par' dir='ltr' id='par_1_7' title="bbox 139 1119 1435 1920">
     <span class='ocr_line' id='line_1_16' title="bbox 204 1119 1435 1185; baseline 0.001 -18"><span class='ocrx_word' id='word_1_77' title='bbox 204 1121 316 1169; x_wconf 90' lang='grc' dir='ltr'>ΧΧ.</span> <span class='ocrx_word' id='word_1_78' title='bbox 338 1122 362 1147; x_wconf 72' lang='lat'><em>*</em></span> <span class='ocrx_word' id='word_1_79' title='bbox 379 1122 402 1147; x_wconf 73' lang='lat'><em>*</em></span> <span class='ocrx_word' id='word_1_80' title='bbox 419 1122 444 1146; x_wconf 39' lang='grc' dir='ltr'><strong><em>ἅ</em></strong></span> <span class='ocrx_word' id='word_1_81' title='bbox 476 1136 604 1169; x_wconf 89' lang='lat' dir='ltr'>more</span> <span class='ocrx_word' id='word_1_82' title='bbox 620 1153 636 1177; x_wconf 87' lang='lat'>‚</span> <span class='ocrx_word' id='word_1_83' title='bbox 668 1120 770 1168; x_wconf 89' lang='lat' dir='ltr'>sella</span> <span class='ocrx_word' id='word_1_84' title='bbox 796 1119 991 1168; x_wconf 87' lang='lat' dir='ltr'>eburnea</span> <span class='ocrx_word' id='word_1_85' title='bbox 1014 1120 1158 1185; x_wconf 84' lang='lat' dir='ltr'>pofita</span> <span class='ocrx_word' id='word_1_86' title='bbox 1175 1156 1188 1179; x_wconf 91' lang='lat'>‚</span> <span class='ocrx_word' id='word_1_87' title='bbox 1216 1119 1288 1182; x_wconf 81' lang='lat' dir='ltr'>jus</span> <span class='ocrx_word' id='word_1_88' title='bbox 1314 1120 1435 1169; x_wconf 86' lang='lat' dir='ltr'>dice-</span> 
     </span>
     <span class='ocr_line' id='line_1_17' title="bbox 139 1193 1433 1259; baseline 0.002 -19"><span class='ocrx_word' id='word_1_89' title='bbox 139 1193 248 1253; x_wconf 83' lang='lat' dir='ltr'>bat,</span> <span class='ocrx_word' id='word_1_90' title='bbox 276 1195 638 1259; x_wconf 81' lang='lat' dir='ltr'>disceptabatque</span> <span class='ocrx_word' id='word_1_91' title='bbox 671 1195 1005 1242; x_wconf 79' lang='lat' dir='ltr'>controversias</span> <span class='ocrx_word' id='word_1_92' title='bbox 1043 1194 1328 1242; x_wconf 85' lang='lat' dir='ltr'>minimarum</span> <span class='ocrx_word' id='word_1_93' title='bbox 1362 1213 1433 1242; x_wconf 86' lang='lat' dir='ltr'>re-</span> 
     </span>
     <span class='ocr_line' id='line_1_18' title="bbox 141 1268 1433 1335; baseline 0.002 -21"><span class='ocrx_word' id='word_1_94' title='bbox 141 1285 257 1316; x_wconf 88' lang='lat' dir='ltr'>rum.</span> <span class='ocrx_word' id='word_1_95' title='bbox 293 1269 501 1335; x_wconf 83' lang='lat' dir='ltr'>adeoque</span> <span class='ocrx_word' id='word_1_96' title='bbox 527 1270 638 1316; x_wconf 87' lang='lat' dir='ltr'>nulli</span> <span class='ocrx_word' id='word_1_97' title='bbox 657 1268 852 1316; x_wconf 81' lang='lat' dir='ltr'>fortunae</span> <span class='ocrx_word' id='word_1_98' title='bbox 871 1268 1125 1316; x_wconf 81' lang='lat' dir='ltr'>adhaerebat</span> <span class='ocrx_word' id='word_1_99' title='bbox 1143 1268 1331 1327; x_wconf 75' lang='lat' dir='ltr'>animus,</span> <span class='ocrx_word' id='word_1_100' title='bbox 1353 1286 1433 1331; x_wconf 87' lang='lat' dir='ltr'>per</span> 
     </span>
     <span class='ocr_line' id='line_1_19' title="bbox 140 1342 1432 1407; baseline 0 -19"><span class='ocrx_word' id='word_1_101' title='bbox 140 1343 293 1390; x_wconf 88' lang='lat' dir='ltr'>omnia</span> <span class='ocrx_word' id='word_1_102' title='bbox 321 1360 483 1407; x_wconf 86' lang='lat' dir='ltr'>genera</span> <span class='ocrx_word' id='word_1_103' title='bbox 514 1343 623 1391; x_wconf 78' lang='lat' dir='ltr'>vitae</span> <span class='ocrx_word' id='word_1_104' title='bbox 657 1359 831 1402; x_wconf 80' lang='lat' dir='ltr'>errans,</span> <span class='ocrx_word' id='word_1_105' title='bbox 858 1343 923 1389; x_wconf 88' lang='lat' dir='ltr'>uti</span> <span class='ocrx_word' id='word_1_106' title='bbox 953 1360 1036 1390; x_wconf 88' lang='lat' dir='ltr'>nec</span> <span class='ocrx_word' id='word_1_107' title='bbox 1056 1342 1163 1400; x_wconf 87' lang='lat' dir='ltr'>fibi,</span> <span class='ocrx_word' id='word_1_108' title='bbox 1191 1359 1276 1389; x_wconf 90' lang='lat' dir='ltr'>nec</span> <span class='ocrx_word' id='word_1_109' title='bbox 1303 1342 1432 1401; x_wconf 78' lang='lat' dir='ltr'>aliis,</span> 
     </span>
     <span class='ocr_line' id='line_1_20' title="bbox 139 1416 1431 1480; baseline 0.002 -19"><span class='ocrx_word' id='word_1_110' title='bbox 139 1416 324 1477; x_wconf 86' lang='lat' dir='ltr'>quinam</span> <span class='ocrx_word' id='word_1_111' title='bbox 353 1416 496 1464; x_wconf 90' lang='lat' dir='ltr'>homo</span> <span class='ocrx_word' id='word_1_112' title='bbox 531 1418 664 1475; x_wconf 74' lang='lat' dir='ltr'>effer,</span> <span class='ocrx_word' id='word_1_113' title='bbox 696 1416 796 1466; x_wconf 86' lang='lat' dir='ltr'>satis</span> <span class='ocrx_word' id='word_1_114' title='bbox 837 1416 1075 1464; x_wconf 87' lang='lat' dir='ltr'>constaret.</span> <span class='ocrx_word' id='word_1_115' title='bbox 1112 1418 1221 1462; x_wconf 90' lang='lat' dir='ltr'>Non</span> <span class='ocrx_word' id='word_1_116' title='bbox 1259 1416 1431 1480; x_wconf 79' lang='lat' dir='ltr'>alloqui</span> 
     </span>
     <span class='ocr_line' id='line_1_21' title="bbox 141 1487 1433 1548; baseline 0.002 -14"><span class='ocrx_word' id='word_1_117' title='bbox 141 1488 338 1548; x_wconf 84' lang='lat' dir='ltr'>amicos,</span> <span class='ocrx_word' id='word_1_118' title='bbox 355 1490 435 1537; x_wconf 83' lang='lat' dir='ltr'>vix</span> <span class='ocrx_word' id='word_1_119' title='bbox 458 1491 579 1538; x_wconf 81' lang='lat' dir='ltr'>notis</span> <span class='ocrx_word' id='word_1_120' title='bbox 597 1490 872 1538; x_wconf 84' lang='lat' dir='ltr'>familiariter</span> <span class='ocrx_word' id='word_1_121' title='bbox 887 1489 1106 1543; x_wconf 78' lang='lat' dir='ltr'>arridere3</span> <span class='ocrx_word' id='word_1_122' title='bbox 1123 1487 1433 1536; x_wconf 83' lang='lat' dir='ltr'>munificentia</span> 
     </span>
     <span class='ocr_line' id='line_1_22' title="bbox 142 1564 1431 1635; baseline 0 -25"><span class='ocrx_word' id='word_1_123' title='bbox 142 1565 353 1629; x_wconf 84' lang='lat' dir='ltr'>inaequali</span> <span class='ocrx_word' id='word_1_124' title='bbox 383 1567 469 1614; x_wconf 89' lang='lat' dir='ltr'>sese</span> <span class='ocrx_word' id='word_1_125' title='bbox 495 1567 693 1630; x_wconf 87' lang='lat' dir='ltr'>aliosque</span> <span class='ocrx_word' id='word_1_126' title='bbox 720 1565 963 1614; x_wconf 86' lang='lat' dir='ltr'>ludificari:</span> <span class='ocrx_word' id='word_1_127' title='bbox 995 1564 1261 1635; x_wconf 88' lang='lat' dir='ltr'>quibusdam</span> <span class='ocrx_word' id='word_1_128' title='bbox 1280 1564 1431 1611; x_wconf 85' lang='lat' dir='ltr'>hono-</span> 
     </span>
     <span class='ocr_line' id='line_1_23' title="bbox 141 1636 1434 1706; baseline -0.002 -21"><span class='ocrx_word' id='word_1_129' title='bbox 141 1639 249 1686; x_wconf 84' lang='lat' dir='ltr'>ratis</span> <span class='ocrx_word' id='word_1_130' title='bbox 278 1657 534 1706; x_wconf 87' lang='lat' dir='ltr'>magnoque</span> <span class='ocrx_word' id='word_1_131' title='bbox 565 1641 880 1688; x_wconf 80' lang='lat' dir='ltr'>aestimantibus</span> <span class='ocrx_word' id='word_1_132' title='bbox 911 1639 953 1686; x_wconf 88' lang='lat' dir='ltr'>se</span> <span class='ocrx_word' id='word_1_133' title='bbox 987 1638 1206 1702; x_wconf 82' lang='lat' dir='ltr'>puerilia,</span> <span class='ocrx_word' id='word_1_134' title='bbox 1240 1647 1290 1684; x_wconf 86' lang='lat' dir='ltr'>ut</span> <span class='ocrx_word' id='word_1_135' title='bbox 1323 1636 1434 1683; x_wconf 78' lang='lat' dir='ltr'>escae</span> 
     </span>
     <span class='ocr_line' id='line_1_24' title="bbox 142 1709 1434 1772; baseline 0.001 -17"><span class='ocrx_word' id='word_1_136' title='bbox 142 1722 218 1756; x_wconf 87' lang='lat' dir='ltr'>aut</span> <span class='ocrx_word' id='word_1_137' title='bbox 254 1710 404 1771; x_wconf 87' lang='lat' dir='ltr'>lusus,</span> <span class='ocrx_word' id='word_1_138' title='bbox 439 1729 626 1760; x_wconf 89' lang='lat' dir='ltr'>munera</span> <span class='ocrx_word' id='word_1_139' title='bbox 658 1713 795 1769; x_wconf 89' lang='lat' dir='ltr'>dare;</span> <span class='ocrx_word' id='word_1_140' title='bbox 831 1712 945 1758; x_wconf 88' lang='lat' dir='ltr'>alios</span> <span class='ocrx_word' id='word_1_141' title='bbox 981 1710 1093 1757; x_wconf 84' lang='lat' dir='ltr'>nihil</span> <span class='ocrx_word' id='word_1_142' title='bbox 1131 1709 1434 1772; x_wconf 59' lang='lat' dir='ltr'>exspeclantes·</span> 
     </span>
     <span class='ocr_line' id='line_1_25' title="bbox 142 1782 1433 1849; baseline 0.002 -22"><span class='ocrx_word' id='word_1_143' title='bbox 142 1782 301 1831; x_wconf 86' lang='lat' dir='ltr'>ditare.</span> <span class='ocrx_word' id='word_1_144' title='bbox 334 1787 485 1847; x_wconf 84' lang='lat' dir='ltr'>ltaque</span> <span class='ocrx_word' id='word_1_145' title='bbox 517 1784 715 1843; x_wconf 86' lang='lat' dir='ltr'>nescire,</span> <span class='ocrx_word' id='word_1_146' title='bbox 743 1784 852 1849; x_wconf 84' lang='lat' dir='ltr'>quid</span> <span class='ocrx_word' id='word_1_147' title='bbox 871 1783 950 1830; x_wconf 88' lang='lat' dir='ltr'>fibi</span> <span class='ocrx_word' id='word_1_148' title='bbox 970 1783 1108 1830; x_wconf 83' lang='lat' dir='ltr'>vellet</span> <span class='ocrx_word' id='word_1_149' title='bbox 1125 1819 1140 1840; x_wconf 92' lang='lat'>,</span> <span class='ocrx_word' id='word_1_150' title='bbox 1165 1782 1433 1846; x_wconf 87' lang='lat' dir='ltr'>quibusdam</span> 
     </span>
     <span class='ocr_line' id='line_1_26' title="bbox 141 1854 1433 1920; baseline 0.002 -20"><span class='ocrx_word' id='word_1_151' title='bbox 141 1854 301 1902; x_wconf 81' lang='lat' dir='ltr'>videri.</span> <span class='ocrx_word' id='word_1_152' title='bbox 354 1857 531 1920; x_wconf 88' lang='lat' dir='ltr'>quidam</span> <span class='ocrx_word' id='word_1_153' title='bbox 574 1857 726 1904; x_wconf 89' lang='lat' dir='ltr'>ludere</span> <span class='ocrx_word' id='word_1_154' title='bbox 770 1874 872 1904; x_wconf 90' lang='lat' dir='ltr'>eum</span> <span class='ocrx_word' id='word_1_155' title='bbox 910 1856 1169 1919; x_wconf 74' lang='lat' dir='ltr'>simpliciter</span> <span class='ocrx_word' id='word_1_156' title='bbox 1188 1891 1202 1914; x_wconf 86' lang='lat'>‚</span> <span class='ocrx_word' id='word_1_157' title='bbox 1250 1856 1433 1919; x_wconf 86' lang='lat' dir='ltr'>quidam</span> 
     </span>
    </p>
   </div>
   <div class='ocr_carea' id='block_1_7' title="bbox 64 1927 1435 1991">
    <p class='ocr_par' dir='ltr' id='par_1_8' title="bbox 64 1927 1435 1991">
     <span class='ocr_line' id='line_1_27' title="bbox 64 1927 1435 1991; baseline 0.003 -19"><span class='ocrx_word' id='word_1_158' title='bbox 64 1975 66 1978; x_wconf 57' lang='grc'>,</span> <span class='ocrx_word' id='word_1_159' title='bbox 138 1927 258 1973; x_wconf 87' lang='lat' dir='ltr'>haud</span> <span class='ocrx_word' id='word_1_160' title='bbox 292 1929 425 1976; x_wconf 88' lang='lat' dir='ltr'>dubie</span> <span class='ocrx_word' id='word_1_161' title='bbox 452 1930 644 1977; x_wconf 89' lang='lat' dir='ltr'>insanire</span> <span class='ocrx_word' id='word_1_162' title='bbox 671 1930 861 1991; x_wconf 71' lang='lat' dir='ltr'>aiebant.</span> <span class='ocrx_word' id='word_1_163' title='bbox 895 1933 945 1977; x_wconf 85' lang='lat' dir='ltr'>In</span> <span class='ocrx_word' id='word_1_164' title='bbox 971 1931 1141 1978; x_wconf 86' lang='lat' dir='ltr'>duabus</span> <span class='ocrx_word' id='word_1_165' title='bbox 1168 1942 1316 1977; x_wconf 83' lang='lat' dir='ltr'>tamen</span> <span class='ocrx_word' id='word_1_166' title='bbox 1339 1944 1435 1977; x_wconf 57' lang='lat' dir='ltr'>mad</span> 
     </span>
    </p>
   </div>
   <div class='ocr_carea' id='block_1_8' title="bbox 0 225 65 2715">
    <p class='ocr_par' dir='ltr' id='par_1_9' title="bbox 0 225 65 2715">
     <span class='ocr_line' id='line_1_28' title="bbox 0 225 65 2715; baseline 0 0"><span class='ocrx_word' id='word_1_167' title='bbox 0 225 65 2715; x_wconf 95' lang='lat' dir='ltr'> </span> 
     </span>
    </p>
   </div>
   <div class='ocr_carea' id='block_1_9' title="bbox 133 1999 1431 2506">
    <p class='ocr_par' dir='ltr' id='par_1_10' title="bbox 133 1999 1431 2506">
     <span class='ocr_line' id='line_1_29' title="bbox 139 1999 1430 2069; baseline 0.005 -23"><span class='ocrx_word' id='word_1_168' title='bbox 139 2002 239 2065; x_wconf 85' lang='lat' dir='ltr'>gnis</span> <span class='ocrx_word' id='word_1_169' title='bbox 264 1999 559 2067; x_wconf 42' lang='lat' dir='ltr'>honestisque*</span> <span class='ocrx_word' id='word_1_170' title='bbox 580 2004 714 2051; x_wconf 88' lang='lat' dir='ltr'>rebus</span> <span class='ocrx_word' id='word_1_171' title='bbox 736 2021 845 2052; x_wconf 91' lang='lat' dir='ltr'>vere</span> <span class='ocrx_word' id='word_1_172' title='bbox 863 2003 1010 2069; x_wconf 75' lang='lat' dir='ltr'>regius</span> <span class='ocrx_word' id='word_1_173' title='bbox 1041 2016 1135 2051; x_wconf 87' lang='lat' dir='ltr'>erat</span> <span class='ocrx_word' id='word_1_174' title='bbox 1156 2004 1355 2063; x_wconf 83' lang='lat' dir='ltr'>animus,</span> <span class='ocrx_word' id='word_1_175' title='bbox 1381 2005 1430 2052; x_wconf 84' lang='lat' dir='ltr'>in</span> 
     </span>
     <span class='ocr_line' id='line_1_30' title="bbox 139 2073 1431 2140; baseline 0.007 -23"><span class='ocrx_word' id='word_1_176' title='bbox 139 2073 319 2120; x_wconf 86' lang='lat' dir='ltr'>urbium</span> <span class='ocrx_word' id='word_1_177' title='bbox 353 2074 516 2133; x_wconf 80' lang='lat' dir='ltr'>donis,</span> <span class='ocrx_word' id='word_1_178' title='bbox 549 2076 598 2123; x_wconf 86' lang='lat'>&amp;</span> <span class='ocrx_word' id='word_1_179' title='bbox 621 2076 833 2123; x_wconf 88' lang='lat' dir='ltr'>Deorum</span> <span class='ocrx_word' id='word_1_180' title='bbox 855 2076 996 2124; x_wconf 87' lang='lat' dir='ltr'>cultu.</span> <span class='ocrx_word' id='word_1_181' title='bbox 1032 2076 1431 2140; x_wconf 74' lang='lat' dir='ltr'>Megalopolitanis</span> 
     </span>
     <span class='ocr_line' id='line_1_31' title="bbox 138 2143 1431 2215; baseline 0.005 -25"><span class='ocrx_word' id='word_1_182' title='bbox 138 2143 185 2190; x_wconf 89' lang='lat' dir='ltr'>in</span> <span class='ocrx_word' id='word_1_183' title='bbox 216 2147 406 2193; x_wconf 89' lang='lat' dir='ltr'>Arcadia</span> <span class='ocrx_word' id='word_1_184' title='bbox 434 2165 613 2195; x_wconf 88' lang='lat' dir='ltr'>murum</span> <span class='ocrx_word' id='word_1_185' title='bbox 646 2148 688 2195; x_wconf 90' lang='lat' dir='ltr'>se</span> <span class='ocrx_word' id='word_1_186' title='bbox 716 2148 1094 2196; x_wconf 83' lang='lat' dir='ltr'>circumdaturum</span> <span class='ocrx_word' id='word_1_187' title='bbox 1124 2150 1226 2196; x_wconf 76' lang='lat' dir='ltr'>urbi</span> <span class='ocrx_word' id='word_1_188' title='bbox 1244 2150 1306 2197; x_wconf 87' lang='lat' dir='ltr'>est</span> <span class='ocrx_word' id='word_1_189' title='bbox 1324 2151 1431 2215; x_wconf 87' lang='lat' dir='ltr'>pol-</span> 
     </span>
     <span class='ocr_line' id='line_1_32' title="bbox 135 2216 1427 2286; baseline 0.006 -24"><span class='ocrx_word' id='word_1_190' title='bbox 135 2216 285 2264; x_wconf 83' lang='lat' dir='ltr'>licitus</span> <span class='ocrx_word' id='word_1_191' title='bbox 303 2254 317 2276; x_wconf 89' lang='lat'>,</span> <span class='ocrx_word' id='word_1_192' title='bbox 337 2217 649 2284; x_wconf 83' lang='lat' dir='ltr'>majoremque</span> <span class='ocrx_word' id='word_1_193' title='bbox 676 2234 848 2284; x_wconf 88' lang='lat' dir='ltr'>partem</span> <span class='ocrx_word' id='word_1_194' title='bbox 867 2221 1070 2285; x_wconf 70' lang='lat' dir='ltr'>pecuniae</span> <span class='ocrx_word' id='word_1_195' title='bbox 1091 2222 1228 2269; x_wconf 86' lang='lat' dir='ltr'>dedit.</span> <span class='ocrx_word' id='word_1_196' title='bbox 1263 2223 1427 2286; x_wconf 78' lang='lat' dir='ltr'>Tegeae</span> 
     </span>
     <span class='ocr_line' id='line_1_33' title="bbox 134 2290 1428 2356; baseline 0.006 -21"><span class='ocrx_word' id='word_1_197' title='bbox 134 2290 359 2337; x_wconf 86' lang='lat' dir='ltr'>theatrum</span> <span class='ocrx_word' id='word_1_198' title='bbox 394 2292 683 2356; x_wconf 81' lang='lat' dir='ltr'>magnificum</span> <span class='ocrx_word' id='word_1_199' title='bbox 714 2311 739 2341; x_wconf 92' lang='lat' dir='ltr'>e</span> <span class='ocrx_word' id='word_1_200' title='bbox 778 2311 1002 2342; x_wconf 87' lang='lat' dir='ltr'>marmore</span> <span class='ocrx_word' id='word_1_201' title='bbox 1039 2295 1184 2343; x_wconf 84' lang='lat' dir='ltr'>facere</span> <span class='ocrx_word' id='word_1_202' title='bbox 1220 2296 1428 2344; x_wconf 69' lang='lat' dir='ltr'>instituit:</span> 
     </span>
     <span class='ocr_line' id='line_1_34' title="bbox 137 2361 1427 2433; baseline 0.008 -25"><span class='ocrx_word' id='word_1_203' title='bbox 137 2361 300 2424; x_wconf 88' lang='lat' dir='ltr'>Cyzici</span> <span class='ocrx_word' id='word_1_204' title='bbox 329 2363 376 2410; x_wconf 89' lang='lat' dir='ltr'>in</span> <span class='ocrx_word' id='word_1_205' title='bbox 404 2367 709 2429; x_wconf 77' lang='lat' dir='ltr'>prytaneum,</span> <span class='ocrx_word' id='word_1_206' title='bbox 741 2366 822 2433; x_wconf 88' lang='lat' dir='ltr'>(id</span> <span class='ocrx_word' id='word_1_207' title='bbox 842 2368 902 2414; x_wconf 84' lang='lat' dir='ltr'>est</span> <span class='ocrx_word' id='word_1_208' title='bbox 926 2368 1150 2431; x_wconf 85' lang='lat' dir='ltr'>penetrale</span> <span class='ocrx_word' id='word_1_209' title='bbox 1171 2370 1319 2428; x_wconf 80' lang='lat' dir='ltr'>urbis,</span> <span class='ocrx_word' id='word_1_210' title='bbox 1349 2371 1427 2419; x_wconf 85' lang='lat' dir='ltr'>ubi</span> 
     </span>
     <span class='ocr_line' id='line_1_35' title="bbox 133 2433 1423 2506; baseline 0.008 -25"><span class='ocrx_word' id='word_1_211' title='bbox 133 2433 316 2496; x_wconf 85' lang='lat' dir='ltr'>publice</span> <span class='ocrx_word' id='word_1_212' title='bbox 330 2470 346 2495; x_wconf 91' lang='lat'>,</span> <span class='ocrx_word' id='word_1_213' title='bbox 368 2436 533 2501; x_wconf 77' lang='lat' dir='ltr'>quibus</span> <span class='ocrx_word' id='word_1_214' title='bbox 550 2437 587 2486; x_wconf 88' lang='lat' dir='ltr'>is</span> <span class='ocrx_word' id='word_1_215' title='bbox 617 2439 766 2488; x_wconf 88' lang='lat' dir='ltr'>honos</span> <span class='ocrx_word' id='word_1_216' title='bbox 786 2439 912 2490; x_wconf 75' lang='lat' dir='ltr'>dat‘us</span> <span class='ocrx_word' id='word_1_217' title='bbox 937 2440 1026 2502; x_wconf 83' lang='lat' dir='ltr'>est,</span> <span class='ocrx_word' id='word_1_218' title='bbox 1051 2440 1323 2506; x_wconf 83' lang='lat' dir='ltr'>vescuntur)</span> <span class='ocrx_word' id='word_1_219' title='bbox 1344 2460 1423 2493; x_wconf 84' lang='lat' dir='ltr'>va-</span> 
     </span>
    </p>
   </div>
  </div>
 </body>
</html>
