1618 2715
202 103 292 164 362
557 69 1119 146 T1T1L1V11

198 228 351 272 quoque
369 212 417 256 id
434 208 611 256 relic7um
636 210 827 253 crederem
855 212 1157 267 receptaculum.
1176 209 1242 252 At
1264 205 1310 250 in
1331 205 1469 250 Mace-

195 286 377 330 donibus
392 284 505 344 satis
524 281 708 346 praestdii
733 282 794 346 est.
822 284 863 325 V
864 281 974 346 idisti
993 281 1163 346 hesterno
1187 283 1252 325 die
1276 282 1471 339 impetum

195 360 242 402 in
268 375 329 402 me
359 359 552 401 militum.
589 356 711 415 Quid
729 357 818 399 illis
844 354 1004 412 defuit,
1027 353 1110 417 nisi
1119 353 1311 411 ferrum?
1345 351 1474 411 Quod

198 433 287 475 illis
315 430 447 488 deficit
474 431 674 483 interdiu,
700 428 878 472 convivae
899 423 1054 484 fratris
1085 427 1203 469 nofz‘u
1218 423 1473 484 sumserunt.

201 504 325 562 Quid
341 505 389 547 de
413 518 569 563 magna
586 514 704 560 parte
718 501 958 559 principum
978 501 1141 557 loquar,
1161 501 1229 561 qui
1249 499 1295 542 in
1311 498 1475 541 Roma-

200 579 268 620 nis
276 576 396 635 spem
416 593 575 620 omnem
597 575 819 634 dignitatis
847 570 889 617 δ’
904 570 1087 629 fortunae
1099 572 1345 631 posuerunt,
1368 567 1409 615 ὃ
1428 571 1476 614 in

199 665 270 703 ea,
289 650 358 707 qui
380 649 524 692 omnia
545 648 661 706 apud
678 646 895 689 Romanos
913 645 1080 710 potest?
1104 661 1225 703 neque
1241 677 1253 699 ‚
1275 643 1478 698 Hercule,

199 721 317 786 istum
341 723 444 766 milzi
464 737 626 765 tantum
643 718 776 777 fratri
794 717 951 773 majori
966 752 979 774 ,
994 718 1078 778 sed
1089 736 1215 778 prope
1240 718 1318 783 est,
1338 733 1383 762 ut
1401 718 1478 761 tibi

202 811 355 854 quoque
385 792 467 857 12)st
475 828 489 850 ‚
515 795 597 853 regi
617 789 659 837 G*
675 794 816 851 patri,
832 790 1065 857 praeferant.
1091 791 1163 856 Iste
1183 792 1288 835 enim
1308 790 1359 854 est
1371 823 1385 845 ‚
1406 807 1480 834 cu-

195 868 272 924 jus
300 867 489 925 beneficio
510 882 679 926 poenam
706 867 782 910 tibi
799 865 974 924 senatus
1001 865 1183 930 remifit,
1210 865 1281 924 qui
1304 880 1415 907 nunc
1444 877 1482 906 te

204 941 256 984 ab
275 939 406 1002 armis
427 939 635 983 Romanis
647 939 853 997 protegit,
874 938 943 996 qui
969 951 1083 981 tuam
1103 933 1344 995 Jenek't'utem
1372 933 1482 977 obli-

202 1028 344 1073 gatam
373 1008 415 1056 ἃ
445 1012 675 1056 obnoxiam
703 1008 981 1068 adolescentiae
991 1007 1082 1066 suae
1109 1005 1182 1070 effe
1204 1023 1360 1066 aequum
1388 1023 1483 1050 cen-

194 1087 272 1147 fit.
295 1088 379 1131 Pro
398 1085 469 1148 isto
487 1084 671 1130 Romani
675 1082 819 1147 stant,
831 1100 910 1142 pro
929 1081 1004 1140 isto
1026 1099 1163 1127 omnes
1183 1082 1297 1126 urbes
1316 1095 1384 1124 tuo
1405 1081 1483 1123 im·

201 1159 315 1217 perio
335 1156 510 1201 liberatae
526 1189 540 1213 ‚
567 1174 644 1215 pro
673 1155 747 1220 isto
767 1155 1020 1198 Macedones
1035 1187 1048 1207 ‚
1073 1154 1142 1212 qui
1158 1169 1262 1212 pace
1286 1151 1484 1194 Romana

202 1234 399 1292 gaudent.
428 1232 545 1276 Milzi
556 1244 703 1290 praeter
725 1244 783 1283 te,
794 1243 940 1288 pater,
966 1227 1070 1287 quid
1095 1226 1265 1287 usquam
1286 1240 1360 1269 aut
1366 1224 1461 1284 spei
1469 1256 1485 1280 ,

206 1319 279 1350 aut
305 1303 490 1367 praestdii
520 1303 612 1369 esi?
1280 1360 1282 1362 -
1423 1300 1425 1303 ⁴

271 1377 351 1421 XI.
389 1377 487 1436 Quo
503 1373 686 1434 speclare
702 1374 813 1417 illas
838 1372 978 1415 literas
1003 1371 1062 1414 ad
1079 1384 1116 1414 te
1142 1386 1253 1414 nunc
1277 1365 1417 1430 miffas
1438 1368 1486 1413 T.

215 1449 404 1510 Quinc‘lii
441 1448 572 1494 credis
589 1481 604 1502 ,
633 1446 811 1506 quibus,
845 1441 887 1488 ἆτ’
921 1446 1015 1488 bene
1042 1459 1077 1488 te
1108 1440 1348 1502 consuluiffit
1374 1443 1488 1486 rebus

211 1525 295 1567 tuis
309 1556 324 1578 ‚
343 1521 408 1566 ait
423 1554 436 1574 ‚
458 1522 571 1580 quod
589 1519 847 1564 Demetrium
868 1518 1047 1561 Romam
1075 1515 1262 1575 miseris,
1287 1512 1329 1560 ὃ*
1348 1516 1491 1559 horta·

210 1611 277 1640 tus
295 1630 308 1651 ‚
329 1597 564 1650 utiterum,
598 1590 640 1637 ὃ·
667 1609 758 1637 cum
780 1591 974 1651 pluribus
999 1591 1144 1650 legatis
1169 1586 1211 1633 ἃ
1238 1589 1492 1648 primoribus

210 1671 513 1723 Macedonum,
535 1668 717 1713 remittas
741 1683 829 1710 eum
844 1666 870 1709 Β
902 1665 951 1709 Τ.
973 1663 1193 1723 Quinc‘lius
1217 1679 1326 1706 nunc
1343 1662 1395 1727 est
1411 1678 1490 1705 au·

212 1741 297 1786 ἑῖον
315 1742 499 1784 omnium
519 1756 648 1784 rerum
667 1738 731 1803 isti
750 1734 792 1782 δ’
807 1736 1007 1798 magister.
1038 1736 1150 1780 Eum
1168 1732 1256 1797 fibi
1272 1767 1285 1789 ‚
1304 1749 1339 1777 te
1364 1734 1491 1777 abdi-

213 1831 304 1860 cato
331 1830 472 1874 patre,
496 1816 539 1858 in
572 1817 703 1857 locum
723 1799 837 1856 tuum
853 1809 1082 1874 substituit.
1115 1811 1201 1853 illic
1225 1823 1320 1852 ante
1349 1808 1494 1852 omnia

214 1890 464 1954 clandestina
482 1887 671 1934 concoc‘t'a
685 1888 792 1947 sunt
810 1884 991 1947 consilia.
1015 1886 1267 1945 Quaeruntur
1283 1883 1495 1940 adjutores

216 1962 396 2024 consiliis
414 1998 428 2019 ,
446 1981 536 2007 cum
556 1978 591 2007 te
604 1966 743 2022 plures
757 1995 770 2018 ‚
794 1958 836 2006 ὅ*
848 1960 1059 2019 principes
1077 1960 1384 2012 Macedonum,
1403 1974 1496 2000 cum

222 2037 291 2101 ssto
321 2039 475 2081 mittere
499 2035 632 2094 jubet.
663 2035 752 2095 Qui
783 2035 880 2078 hinc
901 2033 1049 2092 integri
1079 2028 1122 2076 ὃ·
1140 2030 1295 2094 sinceri
1315 2032 1494 2074 Romam

219 2127 316 2156 eunt
330 2145 343 2166 ,
364 2111 607 2169 Philippum
630 2126 753 2170 regem
770 2108 820 2167 se
843 2108 983 2151 habere
1015 2107 1215 2150 credentes
1232 2140 1248 2160 ,
1267 2104 1414 2149 imbuti
1441 2101 1498 2144 il.-

219 2187 303 2229 linc
331 2180 374 2229 δ’
406 2182 546 2239 infec‘t'i
573 2183 783 2226 Romanis
809 2181 1084 2224 delinimentis
1118 2181 1297 2225 redeunt.
1333 2179 1496 2222 Deme-

221 2260 328 2302 trius
354 2257 409 2301 iis
437 2272 545 2301 unus
575 2256 716 2303 omnia
743 2253 804 2319 est.
837 2270 926 2297 eum
946 2251 1043 2308 jam
1072 2259 1220 2312 regern,
1241 2251 1338 2295 vivo
1354 2265 1499 2308 patrez,

223 2333 450 2388 appellant.
479 2328 636 2393 Haecsi
653 2328 873 2388 indignor,
895 2318 1146 2372 audiendum
1168 2326 1218 2391 est
1219 2324 1393 2389 statim,
1411 2341 1500 2370 notz

224 2405 276 2448 ab
305 2406 406 2450 aliis
423 2406 568 2466 selum
579 2438 597 2462 ,
608 2403 691 2465 fid
707 2404 826 2450 etiam
845 2421 873 2449 a
894 2418 950 2462 te,
960 2415 1110 2463 pater,
1130 2399 1371 2459 cupiditatis
1389 2397 1502 2460 regni
