1618 2715
211 109 312 160 '400
600 100 1163 148 TtTttivtt

214 210 372 255 cundae
404 208 595 273 legionis
629 208 812 254 Fulvius
849 209 1053 258 tribunus
1086 210 1279 258 militum
1314 222 1420 258 erat.
1456 211 1494 259 is

213 282 436 328 mensibus
456 281 544 327 suis
562 281 725 327 dimisit
746 281 968 344 legionem
983 318 996 339 ,
1017 281 1308 343 jurejurando
1330 283 1494 330 adaffis

210 355 553 402 centurionibus
569 390 582 411 ,
605 370 662 400 aes
683 353 728 400 in
750 355 952 400 aerarium
974 356 1029 401 ad
1048 355 1288 418 quaestores
1311 355 1394 401 effe
1413 356 1495 402 de-

215 427 404 474 laturos.
420 430 522 474 Hoc
540 428 617 474 ubi
632 427 902 474 Placentiam
921 427 1046 491 (nam
1065 445 1121 474 eo
1139 427 1255 476 forte
1274 441 1366 475 erat
1385 446 1497 492 pro-

213 498 384 563 fectus)
408 500 525 546 Aulo
547 500 800 546 nuntiatum
825 501 916 558 est,
938 518 1038 547 cum
1060 501 1280 563 equitibus
1308 501 1494 564 expedi-

213 574 270 619 tis
291 573 462 619 secutus
482 572 705 628 dimissos,
726 589 841 635 quos
862 589 1020 619 eorum
1046 574 1195 635 potuit
1215 573 1400 636 affequi,
1421 574 1497 620 de-

212 646 344 692 duxit
370 646 603 709 castigatos
620 645 759 692 Pisas.
793 647 846 691 de
874 647 1030 691 ceteris
1066 646 1297 692 consulem
1329 648 1494 693 certio-

213 736 307 765 rem
337 718 458 766 fecit.
492 721 560 765 Eo
594 717 840 775 referente,
872 718 1299 765 senatusconsultum
1330 718 1494 767 faEtum

213 792 304 848 est,
336 804 387 838 ut
412 793 475 837 M.
507 790 691 837 Fulvius
722 791 769 836 in
801 791 1053 853 Hispaniam
1085 792 1349 854 relegaretur
1378 792 1497 839 ultra

213 882 386 912 novam
407 864 735 928 Carthaginem.
754 865 1007 928 Literaeque
1028 865 1066 911 ei
1087 866 1198 911 datae
1218 865 1318 912 sunt
1336 884 1361 913 a
1380 884 1496 914 con-

213 940 307 986 sule
335 940 389 986 ad
418 941 463 986 P.
482 940 703 985 Manlium
732 939 777 984 in
799 939 1054 1001 Hispaniam
1086 939 1345 986 ulteriorem
1373 939 1495 986 defe-

211 1011 376 1058 rendae.
402 1011 570 1058 Milites
596 1010 692 1073 juffi
717 1012 771 1056 ad
802 1010 922 1074 signa
950 1012 1106 1058 redire.
1138 1011 1265 1059 causa
1294 1012 1494 1074 ignomi-

213 1086 331 1144 niae,
363 1085 427 1131 uti
460 1085 659 1132 semestre
688 1086 952 1149 stipendium
984 1086 1030 1131 in
1061 1104 1162 1132 eum
1194 1103 1357 1132 annum
1382 1088 1493 1134 ‘effet

210 1160 252 1207 ei
274 1161 473 1223 legioni,
493 1161 722 1215 decretum
743 1179 753 1207 τ
784 1161 861 1224 qui
886 1160 1013 1206 miles
1039 1161 1094 1206 ad
1120 1160 1372 1207 exercitum
1396 1178 1494 1208 non

211 1233 412 1293 redisset,
437 1251 539 1281 eum
572 1232 712 1297 ipsum
744 1235 953 1298 bonaque
986 1232 1080 1295 ejus
1109 1234 1306 1281 vendere
1335 1233 1494 1282 consul

211 1304 360 1368 iussus.
752 1354 755 1356 ,
1425 1313 1427 1315 ’

278 1380 414 1425 XLII.
433 1379 601 1425 Eodem
627 1396 747 1425 anno
768 1381 816 1427 L.
835 1379 1104 1437 Duronius,
1127 1379 1204 1443 qui
1226 1371 1495 1441 praetor'an·

211 1468 276 1499 no
305 1453 532 1516 superiore
555 1470 611 1500 ex
632 1453 818 1517 Illyrico
842 1468 954 1500 cum*
967 1456 1118 1501 decem
1141 1454 1331 1501 navibus
1350 1456 1495 1500 Brun-

211 1526 368 1572 difium
388 1526 599 1585 redierat,
617 1527 720 1573 inde
734 1565 747 1584 ‚
766 1527 812 1573 in
833 1540 970 1590 portu
990 1527 1152 1574 relictis
1170 1527 1373 1582 navibus,
1391 1543 1495 1573 cum

211 1601 401 1647 venisset
417 1603 607 1648 Romam
621 1638 634 1659 ,
654 1601 770 1648 inter
787 1604 1078 1665 exponendas
1097 1617 1182 1656 res,
1201 1617 1310 1662 quas
1328 1600 1388 1646 ibi
1407 1599 1498 1663 ges·

211 1675 325 1722 fiss'et
340 1710 353 1732 ,
375 1674 493 1721 haud
516 1675 646 1720 dubie
670 1676 712 1720 in
736 1692 883 1737 regem
904 1675 1165 1738 lllyriorum
1189 1673 1405 1719 Gentium
1429 1672 1498 1717 la-

211 1750 398 1798 trocinii
430 1751 579 1796 omnis
617 1750 827 1795 maritimi
866 1750 1039 1795 causam
1075 1747 1249 1793 avertit.
1292 1766 1344 1792 ex
1373 1763 1496 1807 regno

209 1826 298 1882 ejus
318 1842 455 1869 omnes
477 1841 603 1868 naves
623 1821 715 1886 effe,
735 1841 819 1883 quae
828 1823 971 1882 superi
992 1826 1118 1866 maris
1139 1839 1253 1864 oram
1272 1823 1496 1879 depopula-

211 1915 260 1942 ηε
277 1896 410 1960 effimt.
437 1900 484 1941 de
501 1897 567 1941 his
585 1898 701 1942 rebus
711 1897 762 1956 se
785 1899 937 1956 legatos
967 1891 1108 1957 mistffc
1122 1930 1132 1944 5
1152 1911 1223 1938 nec
1248 1895 1497 1937 convenien-

210 1973 258 2015 di
277 1973 382 2031 regis
394 1970 631 2035 potestatem
648 1968 824 2027 faflam,
854 1970 1083 2012 Venerant
1102 1967 1294 2011 Romam
1317 1963 1447 2026 legati
1469 1979 1496 2010 a

211 2041 413 2097 Gentio,
442 2041 549 2103 qui,
577 2059 655 2102 quo
686 2057 858 2101 tempore
883 2042 1072 2084 Romam·
1104 2039 1372 2083 conveniendi
1392 2040 1495 2098 regis

211 2116 336 2175 causa
362 2113 588 2177 venssbm,
615 2133 764 2176 aegrum
785 2114 898 2172 forte
921 2132 1008 2158 eum
1043 2115 1087 2157 itz
1119 2115 1277 2157 ultimis
1299 2111 1497 2170 partibus

200 2187 328 2251 Βᾔει-’ᾖε
345 2192 459 2250 regni
476 2187 689 2234 dicerent.
711 2190 846 2232 Petere
871 2188 1068 2232 Gentium
1089 2187 1141 2230 ab
1150 2186 1305 2244 senatu
1319 2217 1329 2234 ,
1349 2200 1398 2227 ne
1413 2199 1497 2226 cre-

212 2266 348 2307 derent
365 2260 544 2320 confiflis
563 2263 805 2305 criminibus
822 2264 865 2305 ifz
876 2261 950 2319 sis,
968 2276 1052 2319 qua:
1070 2259 1230 2302 inimici
1248 2251 1491 2316 detztliffint.

212 2334 282 2378 Ad
300 2349 348 2378 ea
367 2331 605 2378 Duronius
626 2330 815 2392 adjecit,
837 2329 985 2375 multis
1008 2328 1184 2375 civibus
1206 2325 1422 2371 Romanis
1442 2325 1494 2371 &

211 2405 343 2455 sociis
365 2405 509 2454 Latini
537 2404 737 2456 nominis
765 2403 947 2467 injurias
972 2401 1103 2451 fasta}
1124 2401 1172 2448 in
1195 2415 1337 2464 regno
1366 2396 1494 2461 ejus;
