1618 2715
268 114 814 162 HISTORIARUM
848 113 973 162 LIB.
1005 114 1224 162 XXXIX.
1307 131 1394 182 305

117 221 346 285 Philippus
390 221 589 268 Lamiam
627 220 953 283 opp11gnaffet3
989 231 1117 282 capta
1157 222 1402 280 Heraclea,

117 296 221 359 quia
253 296 388 357 juffus
407 295 638 342 abscedere
663 312 687 340 a
708 294 935 341 moenibus
970 293 1131 340 Lamiae
1161 307 1280 351 erat,
1308 298 1404 342 Ro-

118 368 346 431 manisque
373 367 592 430 oppidum
622 367 818 412 deditum
839 366 930 422 est,
951 382 1066 428 aegre
1094 382 1190 411 eam
1219 384 1311 412 rem
1332 380 1403 414 tu-

118 440 243 486 lerat.
272 439 502 502 permulsit
533 440 644 485 iram
674 437 767 499 ejus
798 437 988 497 consul,
1021 438 1171 500 quod,
1195 440 1250 484 ad
1277 440 1404 485 Nau-

117 512 294 574 paetum
326 510 416 573 ipse
446 510 680 568 festinans,
703 526 796 572 quo
826 509 870 556 se
902 525 958 555 ex
992 509 1095 572 fuga
1128 510 1269 556 AEtoli
1289 527 1406 558 con-

119 584 330 642 tulerant,
350 583 560 646 Philippo
579 582 793 646 permisit,
812 595 860 628 ut
872 583 1151 628 Athamaniae
1168 584 1218 629 &
1235 586 1406 648 Amyn·

118 657 262 702 andro
296 656 462 703 bellum
494 654 713 712 inferre13
751 657 800 702 &
843 656 1005 712 urbeS‚
1044 671 1152 718 quas
1187 655 1405 704 Thessalis

121 729 263 776 AEtoli
297 729 579 786 ademerant,
606 745 747 791 regno
791 727 1012 786 adjiceret.
1061 729 1193 774 Haud
1234 746 1405 792 magno

120 801 362 847 certamine
376 803 424 849 &
440 802 782 865 Amynandrum
800 799 1064 847 Athamania
1084 802 1331 864 expulerat,
1352 804 1405 849 &

123 875 256 920 urbes
276 874 452 937 aliquot
475 886 715 936 receperat.
745 873 1074 921 Demetriadem
1097 891 1280 937 quoque
1295 911 1309 933 ,
1331 892 1407 921 ur-

123 946 226 993 bem
244 947 436 993 validam
456 949 506 994 &
530 947 584 993 ad
609 946 763 994 omnia
787 958 1092 1008 opportunam
1108 981 1121 1004 ,
1147 948 1196 993 &
1218 949 1408 1011 Magne-

124 1033 221 1068 tum
253 1033 428 1083 gentem
458 1020 544 1067 suae
573 1020 756 1067 ditionis
783 1019 902 1067 fecit.
936 1020 1039 1065 inde
1069 1022 1116 1067 ἃ
1140 1021 1185 1066 in
1207 1022 1408 1068 Thracia

126 1093 335 1156 quasdam
358 1094 487 1140 urbes
506 1130 520 1151 ‚
551 1110 690 1140 novae
717 1107 848 1155 atque
877 1091 1060 1138 insuetae
1097 1092 1311 1140 libertatis
1337 1095 1408 1140 vi·

127 1167 216 1223 tio,
238 1165 529 1212 seditionibus
548 1165 803 1228 principum
826 1165 1045 1222 turbatas,
1063 1165 1286 1226 partibus,
1306 1183 1410 1229 quae

129 1239 377 1287 domestico
401 1241 642 1288 certamine
668 1241 958 1289 vincerentur
975 1275 990 1299 ,
1027 1239 1314 1304 adjungendo
1340 1241 1414 1293 se-j

128 1312 171 1359 se
187 1348 201 1371 ,
231 1314 364 1375 cepit.

195 1386 367 1433 XXIV.
399 1384 480 1432 His
513 1384 656 1431 sedata
685 1384 732 1432 in
759 1387 991 1448 praesentia
1015 1387 1129 1451 regis
1161 1385 1224 1435 ira
1244 1385 1290 1434 in
1312 1390 1413 1436 Ro·-

131 1475 291 1507 manos
311 1459 384 1506 est.
422 1476 649 1522 nunquam
673 1471 820 1505 tamen
846 1461 1009 1506 remitit
1031 1460 1228 1506 animum
1255 1478 1279 1507 a
1313 1462 1415 1508 col-—

134 1532 320 1596 ligendis
347 1531 392 1578 in
416 1549 524 1594 pace
547 1532 747 1591 viribus,
777 1533 966 1596 quibus,
1002 1533 1274 1596 quandoque
1313 1536 1417 1582 dant

134 1606 319 1652 fortuna
345 1605 474 1664 effet,
503 1606 558 1651 ad
582 1605 748 1652 bellum
773 1618 986 1654 uteretur.
1026 1608 1268 1669 Vettigalia
1288 1607 1419 1672 regni

136 1696 232 1726 non
260 1677 478 1726 fructibus
507 1690 678 1725 tantum
705 1696 916 1742 agrorum
944 1680 1248 1744 portoriisque
1278 1682 1420 1728 mari-

138 1753 257 1802 timis
288 1752 441 1806 auxit3
477 1750 548 1798 sed
567 1753 744 1800 metalla
764 1753 894 1800 etiam
920 1755 969 1802 &
993 1767 1146 1801 vetera
1177 1755 1421 1802 intermiss'a

139 1824 359 1882 recoluit,
396 1826 445 1872 δέ
477 1840 604 1870 nova
636 1826 787 1871 multis
822 1825 936 1873 locis
969 1826 1172 1874 instituit.
1206 1831 1269 1875 Ut
1303 1846 1421 1875 vero

140 1896 370 1959 antiquam
399 1895 734 1942 multitudinem
764 1897 1030 1955 hominum,
1058 1915 1157 1961 quae
1190 1899 1297 1944 belli
1331 1900 1425 1946 cla-

142 1969 272 2015 dibus
294 1968 442 2015 amissa
462 1983 555 2016 erat
570 2006 585 2026 ‚
604 1970 879 2026 restitueret3
907 1988 1003 2018 non
1021 1971 1227 2018 sobolem
1246 1984 1425 2019 tantum

144 2041 289 2104 stirpis
309 2041 488 2103 parabat
507 2077 521 2099 ‚
554 2043 766 2105 cogendis
787 2043 996 2090 omnibus
1027 2061 1266 2106 procreare
1291 2057 1426 2105 atque

145 2117 332 2163 educare
353 2115 519 2163 liberos
534 2151 548 2174 ‚
581 2116 654 2163 sed
670 2118 896 2164 Thracum
916 2118 1048 2165 etiam
1074 2136 1277 2182 magnam
1306 2119 1428 2164 mul-

146 2188 383 2234 titudinem
416 2189 463 2235 in
498 2191 809 2238 Macedoniam
840 2193 1125 2250 traduxerat,
1159 2191 1428 2255 quietusque

147 2260 421 2323 aliquamdiu
441 2278 464 2307 a
490 2261 644 2318 bellis,
676 2263 804 2308 omni
826 2280 932 2309 cura
964 2265 1011 2309 in
1047 2264 1268 2327 augendas
1302 2263 1429 2326 regni

150 2350 261 2395 opes
289 2334 484 2381 intentus
517 2335 672 2383 fuerat.
711 2337 899 2383 Rediere
932 2337 1092 2383 deinde
1126 2336 1294 2395 causae,
1328 2352 1429 2399 quae

148 2406 204 2452 de
226 2405 401 2468 integro
430 2407 539 2453 iram
565 2420 809 2457 moverent
831 2409 880 2456 in
907 2410 1159 2457 Romanos.
1195 2408 1434 2462 Thess-‘1102

218 2480 266 2526 T.
295 2481 386 2527 Liv.
418 2486 516 2530 Vol.
551 2485 633 2532 VI,
1128 2483 1172 2529 V
