1618 2715
195 97 285 158 3536
549 96 1165 142 T1T1L1V11·

189 205 369 251 ciorum
400 203 601 266 equitum
623 203 679 249 ad
709 200 843 258 castra
866 202 1066 250 'hostium
1091 202 1364 264 speculatum
1391 203 1481 250 mi-

189 278 268 334 (Ξῖ,
288 294 422 340 quam
445 276 655 338 proxime
683 275 920 322 succedere
945 276 1001 320 ad
1029 274 1196 320 vallum
1225 273 1383 337 jufl'um
1398 312 1412 333 ,
1430 288 1483 322 ut

190 350 379 405 viseret,
407 363 572 412 quanta
602 349 769 403 effent3
791 365 943 410 pugna
962 348 1219 406 abstineret,
1240 348 1482 409 reciperet-

189 439 279 485 que
306 421 420 478 sese,
444 421 474 466 fi
508 420 701 466 hostium
738 419 985 482 equitatum
1022 433 1259 466 exeuntem
1289 419 1481 466 vidiss'et.

186 498 254 543 Ita
271 531 284 551 ,
304 506 355 539 ut
373 506 649 555 praeceptum
677 505 799 550 erat,
820 492 941 539 fecit.
974 493 1058 538 Pet·
1086 492 1177 538 dies
1204 492 1379 553 aliquot
1408 492 1479 537 ni-

187 568 256 615 hil
286 569 402 614 ultra
429 581 606 612 motum
621 603 633 625 ‚
653 584 787 629 quam
816 581 865 613 ut
886 567 954 612 hae
975 567 1072 612 duze
1098 579 1254 612 turmae
1275 566 1483 613 ostende-

185 654 378 694 rentum
405 639 506 684 dein
531 639 912 696 subducerentur,
940 638 1018 684 ubi
1043 638 1266 700 equitatus
1285 638 1482 684 hostium

186 714 341 760 castris
364 711 729 774 procucurriffet.
756 713 990 758 Postremo
1008 710 1248 767 Celtiberi,
1268 711 1480 757 omnibus

189 786 320 832 simul
353 785 558 847 peditum
595 786 894 848 equitumque
932 783 1078 845 copiis
1112 783 1267 830 castris
1297 782 1446 846 egreffi
1466 817 1484 840 ,

188 860 284 905 acie
319 859 482 905 dii-ecla
517 857 670 903 medio
706 856 847 903 ferme
881 856 1026 918 spatio
1060 855 1177 901 inter
1209 855 1313 901 bina
1343 854 1483 901 castra

190 948 281 978 con
291 930 505 976 stiterunt.
527 931 726 990 Campus
745 941 837 975 erat
859 929 1017 992 planus
1037 927 1187 974 omnis
1204 928 1253 973 &
1267 938 1392 989 aptus
1410 942 1483 988 pu-

190 1020 303 1066 gnae.
335 1002 398 1048 ibi
426 1001 582 1047 stetere
616 1000 802 1064 Hispani
830 1000 1004 1047 hostem
1035 998 1345 1060 exspeciantes.
1382 1000 1482 1044 Ro·

190 1091 351 1122 manus
372 1076 491 1121 intra
520 1073 693 1120 vallum
717 1073 820 1120 suos
840 1072 1069 1119 continuit
1090 1089 1168 1133 per
1192 1071 1482 1132 quatriduum

191 1149 463 1196 {continuum
481 1166 489 1193 ε
510 1147 644 1202 &illi
665 1148 825 1194 eodem
847 1147 956 1194 loco
978 1147 1117 1194 aciem
1139 1146 1393 1192 instructam
1413 1158 1481 1192 te·

191 1236 402 1269 nuerunt.
435 1222 506 1268 Ab
537 1222 753 1269 Romanis
780 1220 891 1267 nihil
912 1234 1106 1266 motum.
1136 1218 1238 1267 inde
1267 1219 1481 1281 quievere

190 1297 239 1343 in
266 1296 416 1344 castris
445 1295 687 1352 Celtiberi,
718 1295 826 1357 quia
850 1311 1015 1357 pugnae
1037 1293 1170 1355 copia
1196 1308 1292 1339 non
1312 1291 1479 1339 fiebat:

191 1370 364 1432 equites
388 1381 563 1414 tantum
591 1368 638 1413 in
665 1367 901 1413 stationem
928 1365 1294 1429 egrediebantur,
1323 1376 1372 1411 ut
1397 1382 1479 1428 pa-

190 1443 277 1489 rati
302 1442 463 1498 essent,
483 1441 514 1487 s1
535 1441 644 1504 quid
666 1442 721 1486 ab
744 1439 869 1485 hoste
890 1449 1169 1484 moveretur.
1204 1452 1325 1499 pone
1344 1436 1480 1484 castra

193 1516 374 1578 utrique
393 1513 652 1577 pabulatum
674 1513 957 1576 &lignatum
978 1510 1103 1557 ibant
1118 1545 1133 1567 ‚
1150 1510 1298 1556 neutri
1316 1509 1481 1556 alteros

194 1587 507 1652 impedientes.

259 1664 438 1710 XXXI.
476 1663 649 1708 Praetor
676 1662 912 1706 Romanus
933 1694 947 1716 ,
975 1658 1053 1705 ubi
1083 1657 1183 1704 satis
1209 1667 1280 1704 tot
1308 1655 1480 1704 dierum

192 1739 344 1805 quiete
376 1737 565 1785 credidit
593 1735 713 1797 spem
737 1734 894 1781 faciam
916 1732 1058 1790 hosti,
1080 1730 1194 1777 nihil
1215 1729 1257 1775 se
1279 1728 1480 1793 priorem

193 1828 428 1861 moturum
444 1847 457 1867 ,
485 1813 533 1857 L.
555 1808 751 1856 Acilium
775 1824 879 1854 cum
902 1806 970 1852 ala
998 1804 1165 1851 sinistra
1182 1804 1235 1851 ,δε
1252 1803 1321 1848 sex
1342 1801 1481 1848 milli-

194 1889 277 1936 bus
308 1885 664 1950 provincialium
697 1882 973 1929 auxiliorum
1010 1878 1247 1927 circumire
1276 1887 1480 1923 montem

193 1962 319 2025 jubet
334 1998 348 2019 ‚
374 1960 452 2024 qui
472 1961 527 2007 ab
547 1971 674 2022 tergo
695 1956 896 2003 hostibus
915 1966 1038 2009 erat3
1060 1952 1188 2010 inde,
1207 1951 1285 1998 ubi
1305 1951 1479 1999 clamo-

172 2039 175 2047 “
194 2052 289 2081 rem
309 2033 509 2088 audiffet‚
527 2033 762 2079 decurrere
780 2031 835 2076 ad
854 2028 993 2076 castra
1012 2043 1186 2074 eorum.
1216 2025 1348 2071 noe‘te
1365 2039 1480 2086 pro-

195 2107 299 2154 feffi
327 2107 452 2162 sunt,
477 2123 532 2152 ne
558 2105 734 2168 possent
763 2103 979 2166 conspici,
1003 2101 1188 2148 Flaccus
1214 2100 1314 2146 luce
1334 2098 1478 2161 prima

196 2182 252 2227 C.
282 2179 569 2226 Scribonium
586 2214 599 2235 ‚
618 2177 874 2240 praefeEtum
896 2174 1067 2221 socium
1084 2209 1098 2231 ‚
1118 2174 1174 2219 ad
1195 2173 1363 2219 vallum
1391 2171 1478 2217 ho-

196 2253 324 2299 stium
341 2270 443 2299 cum
461 2252 688 2314 equitibus
702 2248 1069 2297 extraordinariis
1084 2246 1266 2293 sinistrae
1284 2245 1364 2290 alae
1385 2244 1480 2290 mit-

195 2329 265 2373 tit.
299 2343 414 2389 quos
437 2327 510 2372 ubi
530 2328 580 2373 &
600 2325 791 2387 propius
812 2324 1024 2370 accedere
1039 2357 1054 2379 ,
1076 2322 1124 2368 &
1151 2317 1322 2380 plures,
1343 2333 1478 2380 quam

198 2397 317 2445 soliti
336 2410 486 2460 erant,
504 2396 721 2447 Celtiberi
752 2394 1083 2458 conspexerunt
1097 2427 1112 2450 ‚
1134 2391 1283 2439 omnis
1303 2388 1478 2453 equit&
