1618 2715
193 85 277 151 158
549 82 1100 131 T1T1L1v11

188 195 305 243 libus
333 193 589 251 decoratas,
624 193 809 240 domum
837 193 977 238 redire
1010 192 1144 250 jubet.
1173 189 1343 238 Rhodii
1378 191 1463 238 im-

189 268 316 333 pigre
351 280 647 330 praevertere‚
681 265 736 312 ad
770 264 1137 327 trajiciendasque
1168 264 1320 325 copias
1353 281 1466 311 con-

192 341 296 389 sulis
328 339 448 385 iere:
482 354 650 401 atque,
685 354 741 384 eo
773 353 957 400 quoque
990 336 1129 383 funffi
1157 337 1342 394 officio,
1369 349 1466 382 tun

191 414 372 460 demum
402 411 612 458 Rhodum
641 410 823 458 rediere.
855 409 1008 456 Ciaffis
1035 410 1238 455 Romana
1269 409 1323 453 ab
1347 407 1465 454 Cnio

193 485 434 532 Phocaeam
461 481 646 543 trajecit,
680 481 726 527 in
749 481 844 528 sinu
865 481 994 526 maris
1021 481 1183 526 intimo
1204 480 1345 543 pofita
1373 480 1470 524 hacc

194 557 304 604 urbs
324 555 408 612 est,
437 553 638 617 oblonga
669 553 829 600 forma.
869 555 1007 599 duum
1038 553 1226 598 millium
1260 554 1308 599 δέ
1338 551 1471 614 quin-

196 640 435 694 gentorum
457 627 654 689 passuum
673 626 862 689 spatium
885 642 1036 671 murus
1055 623 1351 686 amplefritur:
1381 621 1474 668 coit

197 703 358 751 deinde
377 719 431 748 ex
451 714 636 764 utraque
653 714 775 764 parte
796 700 841 746 in
865 700 1102 746 arffiorem
1127 698 1246 743 velut
1265 713 1476 751 cuneum,

195 780 431 840 Lamptera
464 774 543 838 ipfi
578 774 820 837 appellant.
857 773 977 819 misse
1008 774 1056 819 &
1088 771 1304 817 ducentos
1337 768 1478 831 passus

196 852 263 899 ibi
286 849 476 897 latitudo
509 860 655 911 patet:
689 847 790 894 inde
822 848 866 893 in
897 847 1034 892 altum
1061 845 1209 907 lingua
1238 843 1358 889 misse
1380 841 1476 904 pas-

200 925 328 973 suum
357 939 598 972 excurrens
628 922 822 968 medium
849 921 939 968 fere
963 922 1103 966 smum
1128 918 1255 965 velut
1282 930 1387 964 nota
1412 917 1480 961 di-

199 996 414 1061 stinguit3
449 995 527 1042 ubi
563 995 760 1041 cohaeret
796 993 995 1040 faucibus
1027 989 1249 1054 angustis,
1290 990 1402 1034 duos
1434 988 1479 1033 in

200 1083 439 1132 utramque
461 1067 693 1131 regionem
713 1065 867 1112 versos
892 1080 1051 1127 portus
1078 1061 1315 1108 tutissimos
1335 1060 1480 1106 habet.

201 1141 282 1206 qui
301 1140 347 1187 in
367 1139 596 1186 meridiem
631 1139 801 1202 vergit,
831 1139 887 1184 ab
916 1154 962 1183 re
993 1134 1217 1199 appellant
1245 1133 1483 1180 Naustath-

202 1232 342 1273 mon,
369 1214 473 1277 quia
494 1214 720 1277 ingentem
740 1212 836 1260 vim
864 1210 1047 1259 navium
1072 1209 1215 1272 capit:
1244 1211 1354 1255 alter
1372 1223 1484 1271 pro·-

204 1305 260 1352 pe
294 1286 436 1350 ipsum
457 1288 691 1348 Lamptera
710 1285 786 1333 est.

283 1359 475 1406 XXXII.
512 1361 609 1406 Hos
638 1371 794 1421 portus
829 1356 1068 1403 tutiffimos
1095 1371 1196 1401 cum
1225 1353 1482 1417 oc'cupaffet

203 1434 412 1480 Romana
432 1432 602 1488 claffis3
627 1430 880 1495 priusquam
895 1444 969 1475 aut
991 1427 1132 1485 scalis,
1154 1439 1226 1473 aut
1248 1427 1485 1490 operibus,

206 1504 378 1554 moenia
413 1505 755 1569 aggrederetur,
789 1502 1034 1550 mittendos
1078 1500 1247 1548 censuit
1282 1513 1484 1563 praetor,

210 1578 291 1642 qui
312 1579 566 1642 principum
600 1577 1017 1641 magistratuumque
1045 1573 1220 1620 animos
1248 1585 1488 1622 tentarent·

207 1653 447 1717 postquam
477 1652 725 1699 obstinatos
752 1651 892 1709 vidit,
914 1649 1091 1697 duobus
1114 1648 1239 1693 simul
1266 1647 1379 1694 locis
1398 1664 1487 1710 op-

209 1742 408 1790 pugnare
429 1725 490 1772 est
510 1726 705 1775 adortus.
731 1725 881 1770 Altera
900 1739 999 1785 pars
1017 1720 1271 1783 infrequens
1291 1719 1488 1767 aedificiis

208 1813 331 1846 erat:
356 1798 521 1861 templa
554 1797 708 1844 Deum
741 1796 1018 1859 aliquantum
1051 1794 1258 1839 tenebant
1293 1793 1399 1839 loci.
1438 1810 1490 1841 ea

210 1871 332 1936 prius
353 1871 488 1917 ariete
517 1870 702 1916 admoto
720 1904 733 1928 ‚
756 1881 936 1932 quatere
964 1883 1116 1913 muros
1141 1865 1366 1927 turresque
1396 1883 1490 1912 coe-

210 1944 292 2008 pit.
332 1943 520 2001 deinde,
555 1959 656 1989 cum
684 1957 740 1987 eo
769 1940 1011 1987 multitudo
1039 1950 1298 1987 occurreret
1327 1938 1382 1983 ad
1411 1937 1492 1984 de-

211 2016 509 2074 fendendum,
534 2015 671 2063 altera
695 2031 877 2078 quoque
901 2026 1023 2076 parte
1051 2013 1256 2058 admotus
1285 2011 1410 2057 aries.
1440 2012 1492 2059 &

211 2089 303 2153 jam
329 2089 541 2152 utrinque
561 2087 867 2134 sternebantur
892 2085 1021 2132 muri.
1048 2086 1103 2131 ad
1126 2102 1321 2147 quorum
1345 2085 1493 2131 casum

214 2181 318 2213 cum
348 2164 562 2227 impetum
594 2161 791 2208 Romani
825 2161 985 2206 milites
1020 2176 1099 2222 per
1135 2159 1271 2221 ipsam
1307 2156 1492 2220 stragem

213 2236 446 2283 ruinarum
468 2234 688 2291 facerent,
705 2232 778 2279 alii
800 2232 920 2279 scalis
944 2232 1073 2277 etiam
1093 2229 1314 2278 ascensum
1332 2227 1379 2273 in
1398 2246 1493 2274 mu·

213 2327 290 2357 ros
311 2322 554 2366 tentarent;
582 2309 695 2356 adeo
727 2308 947 2356 obstinate
975 2307 1227 2354 restiterunt
1252 2302 1494 2366 oppidani,

212 2396 260 2431 ut
289 2384 419 2432 facile
439 2393 696 2448 appareret,
716 2381 813 2447 plus
835 2381 881 2428 in
901 2381 1033 2428 armis
1063 2380 1112 2428 &
1140 2377 1330 2437 virtute,
1351 2392 1486 2440 quam
