1618 2715
255 136 800 183 HisTofflARUM
833 136 958 194 21ss.
992 135 1234 184 xxxvn.
1306 151 1392 201 143

114 240 149 286 ii
186 255 335 300 erant,
366 243 417 288 &
451 240 542 303 ipse
573 241 664 287 dux
694 240 1075 302 Philopoemenis,
1104 241 1264 288 summi
1301 255 1397 290 tum

115 317 323 362 omnium
357 317 625 361 Graecorum
661 313 972 376 imperatoris,
1009 313 1264 376 discipulus.
1316 316 1398 378 qui

115 388 303 434 biduum
334 387 465 434 simul
483 389 537 434 ad
558 388 755 451 quietem
789 388 1027 434 hominum
1057 403 1399 451 equorumque,

115 461 167 505 δέ
186 460 240 506 ad
263 459 462 506 visendas
480 459 675 506 hostium
705 459 912 507 stationes
928 497 940 518 ‚
961 460 1124 524 quibus
1150 460 1264 507 locis
1285 474 1399 508 tem-

115 532 389 594 poribusque
417 534 684 579 accederent
717 532 1060 596 reciperentque
1091 532 1199 591 sese,
1233 534 1400 581 sumse-

114 620 236 650 runt.
258 604 327 650 Ad
347 605 515 651 radices
542 603 634 655 fere
655 604 810 662 collis,
834 604 881 650 in
899 621 992 668 quo
1014 604 1157 667 pofita
1176 605 1237 652 est
1262 608 1367 653 urbs
1382 643 1398 665 ,

118 678 231 740 regii
271 677 579 725 succedebant.
623 678 684 726 ita
725 677 866 724 libera
902 678 956 724 ab
992 689 1120 742 tergo
1161 680 1399 741 populatio

116 764 237 810 erat,
274 753 399 799 nullo
434 753 490 800 ab
526 752 664 811 urbe,
698 768 753 798 ne
782 752 829 797 in
865 751 1075 799 stationes
1107 750 1286 815 quidem
1320 754 1401 817 qui

118 825 281 888 procul
323 823 623 885 jacularetur,
663 836 940 870 excurrente.
978 824 1219 888 Postquam
1267 824 1403 873 semel

118 897 339 959 compulsi
368 910 489 944 metu
509 896 550 942 se
571 896 797 942 moenibus
827 895 1124 951 incluserunt,
1147 909 1402 945 contemtus

118 984 306 1027 eorum,
336 971 384 1016 &
415 969 518 1015 inde
551 968 849 1031 negligentia,
887 969 1006 1031 apud
1038 968 1186 1031 regios
1225 971 1399 1026 oritur;

121 1057 218 1086 non
248 1041 405 1088 stratos
424 1076 436 1094 ‚
462 1058 556 1087 non
586 1041 835 1087 infrenatos
863 1057 1021 1104 magna
1053 1059 1153 1104 pars
1179 1042 1403 1092 habebant

121 1129 280 1175 equos.
319 1114 473 1175 paucis
504 1115 558 1160 ad
583 1131 702 1160 arma
723 1114 772 1160 &
806 1112 988 1160 ordines
1020 1114 1210 1174 reliffis,
1247 1116 1402 1179 dilapsi

122 1187 260 1232 ceteri
291 1184 529 1248 sparserant
551 1185 593 1233 se
623 1198 725 1232 toto
747 1186 899 1248 passim
925 1203 1113 1250 campo,
1146 1205 1242 1250 pars
1261 1188 1307 1235 in
1329 1189 1402 1252 ju-

119 1261 305 1306 venales
326 1259 440 1305 lusus
460 1259 777 1323 lasciviamque
798 1259 909 1306 versi
924 1297 940 1318 ,
956 1277 1056 1323 pars
1076 1260 1303 1309 vescentes
1323 1263 1402 1309 sub

120 1331 277 1378 umbra
296 1367 309 1389 ,
344 1331 520 1394 quidam
553 1333 714 1378 somno
741 1333 869 1379 etiam
896 1333 1030 1381 strati.
1064 1335 1174 1382 Haec
1195 1335 1404 1397 Diopha-

123 1421 202 1451 nes
220 1421 275 1450 ex
303 1405 387 1451 alta
407 1405 515 1450 urbe
536 1406 754 1469 Pergamo
776 1406 1134 1468 contemplatus,
1158 1424 1279 1454 arma
1300 1407 1404 1454 suos

122 1491 312 1537 capere,
342 1478 391 1523 &
421 1476 475 1522 ad
510 1475 616 1535 juffa
650 1476 813 1537 praesto
847 1477 930 1522 effe
960 1476 1110 1537 jubet:
1148 1477 1238 1540 ipse
1272 1480 1401 1524 Atta-

123 1547 218 1594 lum
241 1548 376 1606 adiit,
409 1549 458 1595 &
485 1548 531 1595 in
557 1548 711 1594 animo
730 1549 807 1594 fibi
831 1549 914 1595 effe
936 1549 1076 1607 dixit,
1098 1550 1294 1597 hostium
1316 1549 1402 1596 sta-

124 1621 296 1668 tionem
316 1633 500 1668 tentare.
533 1621 665 1683 AEgre
685 1620 729 1666 id
749 1620 1036 1682 permittente
1061 1621 1215 1668 Attalo
1231 1658 1244 1679 ,
1270 1621 1403 1685 quip-

124 1712 181 1758 pe
203 1695 281 1757 qui
301 1706 481 1743 centum
511 1694 737 1757 equitibus
766 1693 976 1740 adversus
1005 1705 1257 1753 trecentos,
1280 1695 1404 1742 mille

124 1768 348 1832 peditibus
369 1785 470 1815 cum
492 1777 686 1828 quatuor
703 1765 898 1813 millibus
917 1779 1215 1829 pugnaturum
1245 1783 1401 1814 cerne-

124 1853 221 1897 ret,
249 1855 379 1903 porta
399 1840 615 1904 egressus»,
645 1839 764 1885 haud
783 1840 943 1900 procul
972 1839 1159 1886 statione
1180 1839 1402 1897 hostium,

125 1915 409 1962 occasionem
447 1912 711 1975 opperiens,
749 1913 964 1959 consedit.
1004 1917 1060 1960 Et
1089 1914 1166 1978 qui
1202 1915 1401 1978 Pergami

124 1997 251 2050 erant
269 2023 281 2040 ‚
307 1984 543 2031 amentiam
567 1984 702 2046 magis
719 2020 734 2040 ‚
766 2001 897 2046 quam
928 1984 1158 2031 audaciam
1176 2020 1190 2043 ‚
1223 1985 1402 2031 credere

127 2058 236 2105 esse:
263 2059 311 2105 &
330 2058 502 2116 hostes,
526 2058 744 2119 paulisper
771 2059 818 2104 in
843 2075 921 2105 eos
945 2058 1083 2117 verfi,
1105 2071 1154 2104 ut
1175 2058 1285 2104 nihil
1304 2075 1403 2104 mo-

129 2131 227 2178 veri
261 2131 501 2188 viderunt,
535 2148 617 2177 nec
641 2130 719 2192 ipsi
753 2132 995 2194 quidquam
1019 2148 1076 2177 ex
1107 2132 1235 2178 solita
1260 2131 1402 2194 negli-

126 2201 273 2265 gentia
289 2237 302 2257 ‚
332 2201 510 2264 insuper
531 2202 662 2248 etiam
683 2201 911 2249 eludentes
933 2203 1202 2264 paucitatem
1219 2236 1233 2257 ‚
1253 2213 1403 2246 niuta-

126 2287 248 2320 runt.
283 2273 554 2336 Diophanes
590 2273 768 2336 quietos
801 2274 1074 2336 aliquamdiu
1111 2273 1216 2319 suos
1237 2308 1250 2330 ,
1281 2274 1404 2321 velut

126 2348 182 2393 ad
217 2346 515 2408 speetaculum
551 2349 692 2393 modo
727 2348 944 2404 eductos,
981 2346 1235 2394 continuit:
1278 2345 1403 2409 post-

126 2434 258 2480 quam
283 2419 475 2482 dilapsos
496 2420 552 2466 ab
576 2419 810 2467 ordinibus
828 2419 975 2466 hostes
996 2418 1138 2476 vidit,
1160 2417 1382 2482 peditibus
1389 2455 1406 2478 3
