1618 2715
213 92 306 157 3524
573 92 1149 138 T1T1L1V11

213 201 308 246 rios
348 198 540 256 milites,
574 196 793 245 tumultus
830 195 958 244 causa
997 196 1312 261 conscriptos,
1353 198 1502 262 primo

213 289 399 335 quoque
425 285 631 332 tempore
663 268 842 316 dimitti.

277 346 456 393 XXIX.
495 342 698 391 Colonia
732 343 961 391 Graviscae
991 360 1048 390 eo
1080 363 1201 393 anno
1229 345 1414 393 dedu&a
1441 345 1504 393 est

215 418 260 465 in
289 435 441 481 agrurn
470 414 736 473 Etruscum,
761 416 816 462 de
839 416 1242 480 Tarquiniensibus
1272 418 1506 483 quondam

213 504 411 553 captum.
456 489 611 548 Quina
640 489 787 551 jugera
823 488 916 552 agri
948 490 1063 536 data.
1102 490 1276 538 tresviri
1306 491 1508 538 deduxe-

215 576 347 619 runt,
368 563 422 609 C.
442 561 718 625 Calpurnius
747 559 848 607 Piso
868 597 880 617 ,
907 562 953 608 P.
970 561 1185 609 Claudius
1204 563 1396 610 Pulcher
1411 600 1424 622 ‚
1452 564 1507 611 C.

213 636 453 683 Terentius
477 635 593 681 Istra.
623 635 834 682 Siccitate
861 637 911 684 δέ
937 636 1095 700 inopia
1121 636 1303 701 frugum
1326 638 1508 701 insignis

217 725 362 756 annus
388 708 486 755 fuit.
515 710 602 755 Sex
632 708 802 755 menses
829 727 1062 773 nunquam
1093 711 1250 774 pluisse
1276 712 1508 758 memoriae

215 781 452 845 proditum
479 779 552 827 est.
583 781 758 827 Eodem
791 798 913 829 anno
938 782 984 828 in
1006 799 1113 847 agro
1140 785 1188 830 L.
1210 782 1372 829 Petillii
1397 782 1508 829 scri·-

217 856 285 903 bae
315 854 393 902 sub
412 854 647 912 Janicuic),
669 855 776 901 dum
799 857 998 904 cultores
1027 857 1119 920 agri
1145 855 1276 902 altius
1305 852 1509 903 moliun-

217 942 292 977 tur
313 942 500 988 terram,
526 929 624 974 duae
655 929 842 992 lapideae
868 947 982 978 arcae
998 966 1012 989 ,
1039 932 1233 978 oCtonos
1259 929 1399 982 ferme
1428 948 1512 994 pe-

220 1007 297 1052 des
325 1005 503 1067 longae,
524 1016 770 1067 quaternos
792 1004 919 1063 latae,
946 1006 1146 1052 inventae
1165 1004 1294 1063 sunt,
1319 1021 1512 1067 opercu-

219 1078 273 1125 lis
293 1076 483 1140 piumbo
505 1075 742 1124 devinffis.
761 1076 920 1123 Literis
938 1076 1109 1123 Latinis
1127 1075 1388 1140 Graecisque
1403 1090 1512 1138 utra·

218 1167 306 1212 que
341 1165 442 1196 arca
470 1147 682 1211 inscripta
710 1160 832 1206 erat3
862 1148 908 1195 in
934 1148 1073 1196 altera
1098 1149 1296 1195 Numam
1321 1149 1511 1212 Pompi-

222 1224 333 1270 lium
347 1258 360 1281 ,
381 1222 632 1284 Pomponis
652 1220 796 1269 filium
809 1258 823 1281 9
841 1238 990 1286 regem
1008 1222 1349 1279 Romanorum,
1368 1220 1513 1283 sepul-

221 1313 316 1346 tum
337 1297 420 1344 effe
436 1315 450 1353 3
467 1297 511 1343 in
533 1297 671 1344 altera
688 1296 828 1344 libros
845 1297 1005 1342 Numae
1025 1295 1241 1358 Pompilii
1260 1295 1409 1342 ineffe.
1424 1297 1514 1342 ’Eas

221 1387 346 1418 arcas
368 1387 471 1416 cum
494 1385 550 1415 ex
573 1369 823 1416 amicorum
845 1367 1060 1414 sententia
1086 1367 1298 1415 dominus
1318 1367 1513 1431 aperuis-

223 1443 284 1491 set
302 1480 315 1502 ,
341 1460 441 1507 quae
463 1442 646 1489 titulum
673 1441 832 1506 sepu'tti
853 1441 969 1505 regis
991 1442 1235 1499 habuerat,
1263 1439 1408 1487 inanis
1438 1440 1514 1485 in-

223 1530 358 1564 venta
374 1552 387 1574 ,
417 1517 508 1562 sine
540 1516 636 1562 ullo
663 1514 857 1579 vestigio
882 1514 1092 1576 corporis
1112 1512 1325 1571 humani,
1349 1527 1426 1560 aut
1447 1513 1516 1559 ul-

223 1593 310 1639 lius
330 1592 421 1650 rei,
440 1607 520 1652 per
545 1591 695 1636 tabem
717 1601 789 1636 tot
811 1604 1040 1636 annorum
1060 1587 1271 1635 omnibus
1291 1586 1516 1634 absumtis.
1568 1595 1571 1598 ⁴

222 1666 271 1712 in
296 1666 432 1712 altera
452 1666 543 1712 duo
566 1664 730 1723 fasces,
749 1663 946 1712 candelis
964 1663 1192 1721 involuti,
1210 1662 1418 1726 septenos
1434 1662 1515 1708 ha-

223 1740 362 1786 buere
387 1738 556 1796 libros,
577 1753 675 1797 non
703 1738 903 1800 integros
931 1736 1073 1783 modo
1090 1771 1104 1792 ‚
1123 1735 1197 1782 sed
1221 1735 1518 1783 recentiffima

227 1811 388 1874 specie.
420 1812 600 1873 Septem
621 1809 768 1856 Latini
794 1811 848 1856 de
871 1809 969 1871 jure
996 1807 1238 1872 pontificio
1264 1820 1416 1864 erant3
1451 1808 1517 1854 se-

228 1898 350 1947 ptem
369 1882 522 1931 Graeci
540 1882 593 1928 de
621 1881 856 1945 disciplina
875 1881 1100 1945 sapientiae
1116 1916 1129 1938 ‚
1150 1897 1251 1944 quae
1274 1881 1393 1928 illius
1412 1896 1518 1927 aeta-

226 1958 284 2005 tis
310 1958 394 2004 effe
422 1954 781 2019 potuit..Adjicit
799 1955 957 2002 Antias
986 1955 1193 2023 Valerius
1207 1990 1223 2011 ,
1250 1953 1517 2019 Pythagori-

231 2049 312 2079 cos
334 2031 459 2078 fuisse
476 2066 486 2083 ‚
504 2029 703 2093 vulgatae
723 2028 964 2092 opinioni,
986 2044 1073 2091 qua
1096 2027 1319 2086 creditur,
1340 2028 1518 2091 Pytha-

231 2123 355 2170 gorae
375 2104 630 2152 auditorem
650 2103 775 2151 fuifl'e
795 2105 987 2150 Numam
1003 2138 1018 2160 ‚
1037 2101 1274 2149 mendacio
1292 2100 1517 2164 probabili

231 2177 577 2225 accommodata
601 2175 710 2224 fidef-
723 2175 876 2223 Primo
899 2176 954 2222 ab
974 2174 1151 2233 amieis,
1174 2175 1251 2238 qui
1269 2175 1316 2221 in
1336 2191 1384 2220 re
1403 2191 1517 2236 prae-

231 2251 343 2299 senti
369 2251 576 2310 fuerunt,
607 2250 711 2296 libri
741 2249 856 2296 leffi.
892 2266 1004 2296 mox
1037 2249 1239 2312 pluribus
1266 2247 1518 2311 legentibus

232 2343 336 2372 cum
366 2325 679 2388 vulgarentur,
699 2325 761 2383 Q.
782 2323 983 2370 petillius
1001 2338 1169 2385 praetor
1184 2320 1381 2367 urbanus
1395 2354 1408 2377 ‚
1427 2320 1519 2365 stu-

236 2397 385 2444 diosus
404 2397 598 2461 legendi,
615 2413 694 2444 eos
710 2397 850 2445 libros
870 2413 893 2444 a
914 2397 963 2443 L.
983 2394 1160 2442 Petillio
1179 2392 1343 2441 sumfit.
1360 2395 1410 2441 δέ
1426 2403 1518 2439 erat
