1618 2715
247 108 805 159 HISTORIARUM
840 108 971 155 LIB.
1005 105 1225 157 XXXVL-
1320 121 1388 176 95¹

99 235 190 273 que
215 208 382 276 AEtoli‚
421 216 600 263 desertis
632 214 923 274 stationibus,
949 213 994 261 in
1021 231 1168 262 arcem
1191 215 1388 279 fugiunt.

100 293 338 355 Oppidum
362 290 556 337 victores
576 288 786 352 permissu
805 286 998 335 consulis
1017 287 1265 351 diripiunt;
1290 301 1390 338 non‘

100 376 193 410 tam
222 364 277 410 ab
304 364 394 421 ira,
424 379 506 409 nec
536 363 591 409 ab
620 361 758 418 odio,
790 377 924 422 quam
950 372 1001 407 ut
1020 360 1178 418 miles,
1204 361 1386 409 coerci-

100 447 175 484 tus
201 435 248 481 in
278 448 349 482 tot
383 435 575 496 receptis
607 450 662 479 ex
693 432 908 495 potestate
933 431 1129 479 hostium
1163 434 1351 481 urbibus
1370 468 1389 493 ‚

101 507 258 571 aliquo
281 508 464 554 tandem
484 507 592 553 loco
616 504 808 551 fructum
828 503 1032 551 victoriae
1065 505 1258 553 sentiret.
1294 508 1391 554 Re-

102 594 298 628 vocatos
330 580 432 626 inde
467 597 492 626 a
532 578 684 625 medio
721 576 861 623 ferme
897 576 970 623 die
1003 578 1165 625 milites
1203 596 1306 627 cum
1338 580 1389 628 in

105 655 214 701 duas
233 654 442 700 divisisset
461 664 631 716 partes,
657 668 792 697 unam
810 651 1032 698 radicibus
1051 652 1277 699 montium
1299 653 1390 700 cir-

107 727 317 775 cumduci
348 727 403 773 ad
434 742 589 788 rupem
616 724 759 785 jussit,
785 741 911 788 quae,
940 723 1113 788 fastigio
1140 725 1389 774 altitudinis

107 816 217 862 par,
248 798 392 845 media
421 798 542 845 valle
570 797 698 845 velut
724 796 912 859 abrupta
942 797 997 843 ab
1029 813 1130 844 arce
1157 811 1277 854 erat3
1315 798 1398 845 secl*

107 873 220 920 adeo
259 889 403 936 prope
445 872 667 936 geminata
700 871 933 918 cacumina
971 887 1129 918 eorum
1164 871 1391 920 montium

108 946 245 1003 sunt,
280 957 330 992 ut
365 962 420 992 ex
453 944 626 990 vertice
659 943 801 989 altero
840 943 1010 1002 conjici
1044 942 1132 989 tela
1164 943 1211 989 in
1242 960 1392 992 arcem

108 1019 301 1082 poffint:
330 1035 431 1065 cum
457 1017 640 1064 dimidia
661 1027 784 1079 parte
809 1015 1003 1060 militum
1024 1016 1210 1072 consul,
1238 1017 1292 1062 ab
1312 1033 1394 1062 ur-

108 1093 164 1139 be
185 1091 440 1139 escensurus
467 1093 513 1137 in
542 1106 688 1137 arcem
706 1125 719 1146 ‚
742 1088 912 1152 signum
937 1089 992 1133 ab
1016 1088 1068 1135 iis
1084 1124 1098 1146 ,
1126 1088 1203 1152 qui
1227 1088 1281 1134 ab
1301 1101 1395 1135 ter-

110 1182 170 1228 go
202 1166 247 1210 in
277 1181 431 1227 rupem
462 1161 635 1210 evasuri
665 1173 817 1214 erant,
851 1159 1142 1222 exspectabat.
1177 1162 1284 1206 Non
1320 1172 1396 1206 tu-

109 1239 225 1295 lere,
251 1237 327 1301 qui
349 1237 394 1282 in
417 1253 517 1283 arce
544 1245 698 1290 erant,
719 1233 861 1280 AEtoli
885 1233 1076 1295 primum
1106 1249 1292 1290 eorum,
1312 1232 1395 1295 qui

111 1327 270 1371 rupem
308 1320 518 1371 ceperant
538 1345 551 1364 ‚
582 1308 823 1355 clamorem
845 1341 860 1362 ‚
893 1305 1052 1350 deinde
1087 1305 1303 1367 impetum
1337 1306 1395 1351 ab

111 1382 221 1427 urbe
247 1382 556 1426 Romanorum
574 1415 587 1436 ‚
613 1381 661 1426 δε
687 1377 833 1423 fractis
863 1376 949 1438 jam
974 1377 1132 1422 animis
1149 1411 1162 1433 ,
1194 1379 1242 1424 &
1274 1378 1396 1424 nulla

111 1453 175 1500 ibi
195 1465 439 1516 praeparata
459 1468 506 1497 re
530 1452 583 1497 ad
601 1449 883 1496 obsidionem
901 1448 1068 1494 diutius
1091 1448 1394 1501 tolerandam:

112 1538 272 1587 utpote
304 1524 587 1588 congregatis
616 1523 819 1579 feminis,
851 1521 1110 1584 puerisque,
1143 1523 1193 1567 &
1223 1520 1395 1569 imbelli

112 1598 198 1644 alia
225 1598 353 1643 turba
378 1599 422 1643 in
451 1613 595 1643 arcem
615 1632 627 1652 ‚
648 1613 747 1659 quae
768 1597 848 1642 vix
871 1611 1053 1658 capere,
1072 1595 1233 1641 nedum
1254 1594 1396 1652 tueri,

115 1669 448 1715 multitudinem
489 1681 657 1714 tantam
698 1666 855 1730 posset.
901 1667 1080 1729 itaque,
1111 1666 1165 1712 ad
1200 1666 1398 1727 primum

115 1743 330 1805 impeturn
359 1742 538 1802 abjectis
566 1741 724 1795 armis,
751 1740 1017 1786 dediderunt
1048 1738 1147 1785 sese.
1187 1739 1399 1788 Traditus

115 1817 234 1863 inter
263 1829 436 1862 ceteros
467 1816 673 1878 princeps
698 1814 957 1861 AEtolorum
988 1811 1278 1861 Damocritus
1307 1812 1396 1858 est:

116 1888 195 1951 qui
220 1888 445 1951 principio
467 1888 571 1934 belli
601 1888 826 1934 decretum
844 1886 1122 1940 AEtolorum,
1141 1900 1236 1948 quo
1254 1884 1397 1932 arces-

117 1961 298 2006 sendum
329 1961 608 2007 Antiochum
642 1959 932 2014 censuerant,
965 1959 1022 2006 T.
1056 1957 1275 2017 Quinctio
1309 1973 1399 2019 po-

117 2032 257 2078 scenti
292 2032 611 2094 responderat:
646 2036 697 2077 In
727 2034 858 2077 ltalia
890 2034 1084 2076 daturum
1103 2066 1118 2087 ‚
1150 2048 1240 2075 cum
1270 2031 1401 2094 castra

121 2109 180 2150 ibi
198 2108 336 2150 AEtoli
356 2104 599 2167 posuiffiznt.
630 2104 693 2149 ob
726 2102 822 2149 eam
854 2101 1068 2150 ferociam
1089 2101 1232 2164 majus
1253 2100 1402 2147 viclo-

119 2178 242 2224 ribus
274 2177 483 2239 gaudium
520 2176 706 2221 traditus
732 2174 830 2222 suit.

183 2254 333 2299 XXV.
356 2253 526 2298 Eodem
543 2264 745 2314 tempore
760 2287 773 2308 ‚
792 2267 884 2315 quo
901 2249 1096 2296 Romani
1116 2247 1400 2303 Heracleam,

121 2325 354 2386 Philippus
378 2326 572 2371 Lamiam
602 2342 657 2370 ex
683 2325 939 2386 composito
968 2321 1281 2385 oppugnabat,
1311 2320 1400 2367 cir-

116 2414 175 2446 ea
194 2397 524 2463 Thermopylas
546 2415 646 2446 cum
669 2397 877 2457 consule,
894 2397 1108 2445 redeunte
1129 2412 1184 2443 ex
1196 2394 1402 2454 Boeotia,
