1618 2715
320 144 861 193 HISTORIARUM
898 147 1018 194 LIB.
1055 147 1155 195 ΧΠ
1307 164 1405 217 413'

111 250 260 298 {abare
280 252 478 298 animum
508 251 622 315 regis
638 288 651 310 ‚
684 253 734 299 &
755 252 1044 315 ingemiscere
1073 254 1298 304 interdum
1321 259 1405 308 filii

111 324 332 371 desiderio
362 324 490 370 senfit
509 360 521 382 ‚
558 342 679 372 nunc
710 326 955 387 praebendo
988 343 1116 375 aures
1135 364 1148 386 ,
1185 347 1305 378 nunc
1337 332 1404 379 la-

112 397 321 443 ceffendo
353 397 489 444 etiam
518 398 800 445 mentionem
832 399 896 446 rei
920 411 1084 447 temere
1114 403 1252 461 affin,
1288 406 1405 468 saepe

115 471 323 533 querenti
354 488 545 532 querens
566 474 614 519 &
640 471 730 534 ipse
755 473 917 520 aderat.
947 475 1024 533 &‚
1051 492 1153 522 cum
1176 479 1314 525 multa
1334 478 1404 525 as-

112 541 249 589 soleat
267 543 431 592 veritas
453 545 653 606 praebere
677 544 859 608 vestigia
879 545 942 593 sui
959 582 972 603 ‚
1001 548 1128 594 omni
1160 567 1248 613 ope
1277 552 1403 614 adju-

111 617 249 662 vabat
265 652 276 673 ‚
296 633 390 679 quo
412 617 625 663 maturius
644 618 795 664 onmia
822 633 1095 668 emanarent.
1127 622 1323 684 Suspeffi
1349 626 1402 673 ὃς

110 687 299 734 ministri
333 688 546 737 facinoris
567 725 580 747 ‚
621 691 802 752 Apelles
836 693 1029 739 maxime
1064 696 1112 742 ὅ(
1142 696 1400 757 Philocles,

111 772 266 817 erant3
299 761 375 824 qui
394 762 586 807 Romam
607 762 738 826 legati
760 762 938 810 fuerant
954 801 967 823 ‚
989 766 1223 831 literasque
1243 771 1400 818 exitia·

111 833 174 880 les
200 835 442 882 Demetrio
475 836 553 883 sub
580 840 766 886 nomine
788 841 1024 888 Flaminini
1049 845 1299 894 attulerant.

176 909 268 956 LV.
300 909 439 956 Falsas
472 911 583 969 effe,
615 913 665 959 &
696 931 720 959 a
744 913 882 961 scriba
903 915 1108 973 vitiatas,
1137 919 1400 986 signumque

111 981 440 1040 adulterinum,
465 984 609 1047 vulgo
637 985 684 1030 in
711 988 831 1050 regia
860 987 1118 1037 fremebant.
1159 994 1400 1054 Ceterum,

112 1069 216 1099 cum
238 1053 429 1116 suspecta
450 1055 610 1118 magis,
631 1073 763 1119 quam
782 1059 1010 1107 manifesta
1024 1098 1035 1118 ,
1051 1063 1154 1108 effer
1173 1081 1263 1120 res,
1282 1065 1402 1112 forte

112 1127 308 1189 Xychus
329 1128 493 1175 obvius
523 1127 572 1174 fit
592 1130 827 1192 Antigono
843 1167 856 1189 ‚
889 1135 1322 1198 comprehensusque
1346 1138 1402 1184 ab

112 1213 170 1243 eo
200 1199 245 1244 in
276 1201 439 1263 regiam
462 1200 522 1246 est
543 1202 792 1262 perductus.
833 1205 990 1253 relicto
1027 1224 1082 1253 eo
1115 1209 1401 1270 custodibus,

115 1272 374 1335 Antigonus
396 1273 451 1319 ad
473 1274 731 1337 Philippum
755 1278 975 1339 proceffit.
1012 1284 1192 1338 Multis,
1223 1283 1401 1346 inquit,

100 1345 363 1405 sermonibus
377 1335 636 1411 ‘intellexiffiz
656 1353 820 1408 videor,
853 1372 1006 1415 magno
1028 1370 1065 1400 te
1087 1357 1398 1418 cestimaturum,

98 1417 149 1482 st
162 1419 272 1479 scire
303 1439 397 1465 vera
425 1424 567 1466 omnia
591 1423 718 1484 poffi's
751 1428 800 1470 de
819 1428 934 1485 filiis
966 1429 1052 1473 tuis
1071 1463 1083 1485 ‚
1118 1445 1206 1474 uter
1231 1433 1283 1474 ab
1310 1448 1401 1477 utro

105 1494 262 1551 petitus
281 1492 442 1550 fraude
473 1492 514 1539 ὃ*
548 1495 715 1558 infidiis
749 1495 850 1560 effit.
886 1501 1029 1545 Homo
1052 1520 1159 1548 umes
1182 1507 1403 1563 onmium,

113 1566 185 1623 qui
210 1569 371 1610 nodum
401 1567 527 1622 hujus
559 1572 702 1613 erroris
734 1572 939 1631 exsolvere
955 1573 1108 1634 pqffit‚
1136 1578 1182 1620 in
1205 1579 1400 1644 potestate

113 1653 188 1683 tua
213 1641 264 1704 est
280 1643 475 1700 Xychus.
501 1640 615 1699 forte
633 1662 823 1690 vocatum
836 1649 1152 1709 perdfflurnqne
1171 1653 1216 1695 in
1245 1656 1398 1713 regiam

113 1716 255 1757 vocari
268 1713 435 1768 juberet.
458 1714 683 1760 Adductus
704 1717 851 1777 primo
873 1718 933 1764 ita
954 1736 1115 1783 negare
1135 1722 1399 1771 inconstan-

112 1795 204 1841 ter,
223 1798 297 1843 ut‚
320 1803 462 1848 parvo
484 1799 603 1833 metu
630 1789 816 1836 admoto
833 1827 846 1849 ‚
873 1804 1072 1853 paratum
1099 1795 1291 1844 indicem
1316 1799 1400 1846 effe

112 1870 357 1918 appareret.
392 1858 679 1921 conspectum
712 1864 900 1910 tortoris
932 1867 1261 1932 verberumque
1302 1888 1399 1917 non

112 1930 345 1975 sustinuit:
381 1932 677 1996 ordinemque
698 1951 880 1982 omnem
911 1937 1125 1987 facinoris
1147 1943 1400 2006 legatorum

112 2003 435 2067 ministeriique
470 2006 535 2052 sui
556 2009 773 2070 exposuit.
802 2013 1045 2075 Extemplo
1066 2015 1205 2074 missi,
1236 2018 1312 2079 qui
1337 2019 1400 2064 le«

113 2090 240 2140 gatos
275 2081 740 2143 comprehenderent,
777 2086 1028 2134 Philoclem
1050 2126 1064 2148 ‚
1097 2091 1172 2152 qui
1208 2093 1399 2153 praesens

113 2164 238 2208 erat,
270 2154 609 2215 oppresserunt:
646 2159 858 2219 Apelles,
894 2161 1043 2208 miffus
1076 2165 1128 2209 ad
1163 2166 1399 2213 Chaeream

112 2225 333 2285 quendam
367 2226 721 2292 persequendum
737 2267 750 2287 ‚
774 2232 945 2279 indicio
968 2235 1123 2298 Xychi
1144 2238 1296 2282 audito
1315 2273 1328 2293 ‚
1352 2239 1398 2285 in

114 2295 281 2341 Italiam
316 2296 503 2359 trajecit.
536 2301 611 2347 De
642 2303 844 2350 Philocle
873 2306 984 2352 nihil
1020 2309 1128 2355 certi
1166 2310 1398 2373 vulgatum

115 2367 187 2413 est.
226 2370 300 2416 alii
330 2372 477 2433 primo
517 2376 745 2423 audaciter
778 2395 1015 2442 negantem
1038 2418 1051 2439 ,
1084 2383 1318 2445 postquam
1353 2385 1399 2431 in

115 2443 402 2508 conspectum
422 2448 631 2500 adduc'tus
656 2451 706 2499 sit
727 2454 950 2518 Xychus,
985 2473 1081 2504 non
1115 2459 1230 2506 ultra
1259 2471 1406 2514 tetenf
