1618 2715
82 344 120 373 *ἢ

239 156 302 199 '10
591 149 635 198 T
669 154 687 199 I
720 151 763 198 T
797 153 816 199 I
881 154 917 201 L
951 153 971 200 I
1004 153 1048 199 V
1082 155 1101 201 I
1133 153 1154 201 Ῐ

233 261 286 305 ab
317 263 450 321 legato
472 261 559 321 fito
589 262 783 320 adverfics
801 262 852 322 se
871 262 1077 323 scriptum
1107 263 1297 325 aliquid,
1323 282 1413 309 cum
1439 264 1519 328 ipsi

233 334 475 378 veniendum
512 332 622 396 effic,
658 337 864 380 deduceret
899 354 986 380 eum
1012 337 1153 394 secum
1185 340 1395 383 Romam:
1427 356 1517 384 curn

229 406 354 449 etiam
374 408 507 450 verius
525 404 636 468 effic,
656 408 721 452 Ti.
745 409 990 466 Sempronio
1010 410 1224 467 imperium
1243 411 1410 454 habenti
1427 425 1516 454 tra-

230 479 278 523 di
303 481 525 523 exercitum
545 513 559 536 ,
585 497 709 539 quam
744 483 891 540 legato.
920 482 970 524 N
973 499 1048 525 'mc
1075 483 1206 526 videri
1235 478 1305 543 effe
1330 498 1515 526 amotum

231 551 281 594 de
308 552 539 617 industria,
566 569 616 595 ne
647 571 718 608 ea,
754 570 839 612 quae
856 551 1103 615 scripsiffet,
1130 554 1307 614 praesens
1341 556 1515 610 diceret,

230 638 307 667 aut
335 638 515 684 argueret
541 642 678 669 coram
700 642 716 670 .·
743 623 812 682 δ’,
830 625 881 688 st
906 629 1009 686 quid-
1037 630 1140 672 vam'
1173 625 1362 689 affirret,
1393 626 1516 688 {argui

223 695 378 758 postet,
401 699 528 743 donec
552 701 613 744 ad
629 702 835 761 liquidum
854 702 1005 745 veritas
1025 704 1241 759 explorata
1259 699 1356 764 effic.
1376 703 1517 760 Itaque

230 770 344 814 nillil
374 789 540 829 eorum,
581 790 665 832 quae
692 773 914 838 postularet
950 774 1121 833 consul,
1143 777 1432 820 decernendum
1469 777 1516 818 itz

224 841 442 902 praesentia
467 844 631 904 cenfiere.
673 845 792 890 Cum
822 856 1025 907 pergeret
1058 844 1203 890 nihilo
1237 845 1409 908 segnius
1445 861 1516 892 re-

230 913 374 973 ferre,
400 929 450 963 ut
473 916 740 979 supplicatio
763 918 1107 976 decerneretur,
1128 919 1515 983 triumphantique

229 988 309 1035 fibi
332 990 487 1037 urbem
518 991 676 1039 invehi
709 991 889 1047 liceret;
914 993 978 1039 M.
1007 995 1055 1040 &
1082 994 1136 1040 C.
1155 992 1317 1040 Titinii
1343 992 1514 1039 tribuni

210 1060 370 1124 ‘plebis
386 1097 399 1119 ‚
428 1060 471 1107 se
498 1061 845 1122 intercessuros,
868 1063 901 1110 fi
933 1064 987 1111 de
1018 1082 1068 1112 ea
1099 1081 1145 1111 re
1169 1063 1294 1111 fieret
1318 1064 1514 1112 senatus-

228 1134 481 1182 consultum
497 1171 511 1194 ,
541 1135 765 1183 dixerunt.

298 1211 376 1257 IX.
401 1209 623 1258 Censores
644 1223 771 1257 erant
791 1210 942 1274 priore
961 1227 1082 1257 anno
1103 1211 1241 1257 creati
1261 1213 1361 1258 Sex.
1378 1211 1515 1258 AElius

230 1281 374 1329 Paetus
394 1283 443 1329 &
472 1283 525 1329 C.
544 1282 784 1329 Cornelius
805 1284 1044 1346 Cethegus.
1073 1283 1313 1330 Cornelius
1331 1283 1514 1330 lustrum

228 1355 446 1403 condidit.
483 1355 609 1419 censa
639 1355 738 1406 sunt
759 1356 933 1404 civium
955 1356 1101 1419 capita
1121 1369 1302 1403 centum
1324 1357 1516 1419 quadra-

228 1428 352 1491 ginta
385 1430 470 1476 tria
503 1422 673 1486 taillia,
713 1429 989 1494 septingenta
1024 1441 1234 1492 quatuor.
1271 1433 1416 1493 Aquae
1442 1430 1514 1476 in-

229 1514 383 1564 gentes
416 1518 472 1547 eo
498 1518 618 1548 anno
645 1500 852 1560 fuerunt,
884 1503 934 1549 &
955 1501 1134 1549 Tiberis
1158 1501 1259 1549 loca
1286 1502 1417 1565 plana
1436 1520 1516 1548 ur-

228 1571 296 1618 bis
329 1571 583 1619 inundavit.
630 1572 764 1618 Circa
797 1585 976 1634 portam
1012 1574 1345 1620 Flumentanam
1381 1573 1516 1621 etiam

231 1646 427 1709 collapsa
459 1647 658 1709 quaedam
684 1647 826 1694 ruinis
850 1647 978 1693 sunt:
1014 1649 1062 1694 &
1093 1652 1224 1710 porta
1253 1646 1517 1694 Coelimon-

229 1730 332 1765 tana
362 1718 548 1765 fulmine
579 1719 661 1764 ieta
689 1718 773 1776 est,
809 1719 1046 1782 murusque
1076 1720 1197 1766 circa
1225 1718 1377 1766 multis
1400 1719 1514 1766 locis

228 1790 283 1836 de
308 1790 431 1837 coelo
453 1791 605 1837 taffiis.
638 1793 693 1837 Et
713 1791 876 1838 Ariciae
892 1828 903 1849 ‚
926 1794 974 1839 &
993 1792 1207 1850 Lanuvii,
1225 1792 1338 1839 &in
1356 1795 1515 1840 Aven-

229 1863 330 1908 tino
349 1899 363 1921 ,
400 1863 619 1927 lapidibus
650 1863 788 1926 pluit3
815 1867 863 1912 ὅ(
898 1883 921 1910 a
954 1866 1109 1927 Capua
1139 1865 1394 1912 nuntiatum
1421 1865 1514 1922 est,

230 1954 418 1983 examen
453 1937 688 1999 vesparum
722 1938 878 2000 ingens
908 1939 954 1984 in
986 1938 1136 1985 forum
1170 1939 1422 1995 advolasse,
1463 1941 1514 1986 &

228 2011 274 2057 in
301 2011 454 2058 Martis
486 2012 578 2058 aede
606 2011 863 2060 consedisse.
912 2029 984 2061 eas
1009 2012 1216 2060 collectas
1247 2030 1347 2059 cum
1381 2030 1513 2070 cura,

229 2085 279 2131 &
307 2084 399 2148 igni
437 2097 651 2131 crematas
684 2085 781 2132 effe.
823 2087 999 2132 Horum
1036 2085 1352 2149 prodigiorum
1387 2085 1513 2132 causa

231 2159 477 2206 decemviri
506 2159 644 2205 libros
670 2159 790 2205 adire
816 2157 939 2221 jussi,
970 2161 1022 2207 ὃ(
1040 2157 1312 2207 novendiale
1339 2157 1510 2206 sacrum

231 2232 423 2290 faffirm,
461 2236 510 2282 &
536 2233 801 2296 supplicatio
834 2234 996 2280 indiEta
1024 2233 1085 2279 est
1105 2269 1116 2290 ‚
1146 2245 1277 2296 atque
1310 2232 1416 2278 urbs
1446 2232 1514 2278 lu-

230 2305 374 2354 strata.
403 2307 558 2354 lisdem
589 2306 743 2353 diebus
780 2306 1012 2353 aediculam
1041 2305 1255 2352 Vi&oriae
1280 2304 1510 2368 Virginis,

229 2396 374 2443 prope
398 2382 538 2428 aedem
566 2381 811 2439 Victoriae,
840 2382 904 2428 M.
928 2381 1114 2428 Porcius
1131 2381 1249 2426 Cato
1284 2378 1513 2425 dedicavit

231 2452 418 2499 biennio
438 2453 536 2516 post
552 2490 565 2514 ,
591 2471 725 2518 quam
752 2454 903 2502 vovit.
927 2455 1108 2502 Eodem
1129 2470 1252 2500 anno
1279 2452 1509 2500 coloniam
