<?xml version="1.0" encoding="UTF-8"?>
<!DOCTYPE html PUBLIC "-//W3C//DTD XHTML 1.0 Transitional//EN"
    "http://www.w3.org/TR/xhtml1/DTD/xhtml1-transitional.dtd">
<html xmlns="http://www.w3.org/1999/xhtml" xml:lang="en" lang="en">
 <head>
  <title>
</title>
<meta http-equiv="Content-Type" content="text/html;charset=utf-8" />
  <meta name='ocr-system' content='tesseract 3.04.00' />
  <meta name='ocr-capabilities' content='ocr_page ocr_carea ocr_par ocr_line ocrx_word'/>
</head>
<body>
  <div class='ocr_page' id='page_1' title='image "./historiarumlibri06livyuoft_0465.png"; bbox 0 0 1618 2715; ppageno 0'>
   <div class='ocr_carea' id='block_1_1' title="bbox 0 944 55 2715">
    <p class='ocr_par' dir='ltr' id='par_1_1' title="bbox 0 944 55 2715">
     <span class='ocr_line' id='line_1_1' title="bbox 0 944 55 2715; baseline 0 0"><span class='ocrx_word' id='word_1_1' title='bbox 0 944 55 2715; x_wconf 95' lang='lat' dir='ltr'> </span> 
     </span>
    </p>
   </div>
   <div class='ocr_carea' id='block_1_2' title="bbox 363 159 1408 227">
    <p class='ocr_par' dir='ltr' id='par_1_2' title="bbox 363 159 1408 227">
     <span class='ocr_line' id='line_1_2' title="bbox 363 159 1408 227; baseline 0.003 -21"><span class='ocrx_word' id='word_1_2' title='bbox 363 159 908 208; x_wconf 79' lang='lat' dir='ltr'>HISTORIARUM</span> <span class='ocrx_word' id='word_1_3' title='bbox 941 161 1058 209; x_wconf 66' lang='lat' dir='ltr'><strong>LIB;</strong></span> <span class='ocrx_word' id='word_1_4' title='bbox 1093 160 1212 208; x_wconf 85' lang='lat' dir='ltr'>XLI.</span> <span class='ocrx_word' id='word_1_5' title='bbox 1318 177 1408 227; x_wconf 72' lang='lat'>453</span> 
     </span>
    </p>
   </div>
   <div class='ocr_carea' id='block_1_3' title="bbox 98 266 1433 2516">
    <p class='ocr_par' dir='ltr' id='par_1_3' title="bbox 98 266 1424 1716">
     <span class='ocr_line' id='line_1_3' title="bbox 131 266 1415 332; baseline 0.004 -19"><span class='ocrx_word' id='word_1_6' title='bbox 131 266 311 314; x_wconf 85' lang='lat' dir='ltr'>Titi-nio</span> <span class='ocrx_word' id='word_1_7' title='bbox 341 279 533 330; x_wconf 85' lang='lat' dir='ltr'>praetore</span> <span class='ocrx_word' id='word_1_8' title='bbox 554 268 790 316; x_wconf 82' lang='lat' dir='ltr'>obtinente</span> <span class='ocrx_word' id='word_1_9' title='bbox 814 268 1114 332; x_wconf 87' lang='lat' dir='ltr'>provinciam.</span> <span class='ocrx_word' id='word_1_10' title='bbox 1140 269 1415 318; x_wconf 83' lang='lat' dir='ltr'>rebellarunt</span> 
     </span>
     <span class='ocr_line' id='line_1_4' title="bbox 132 338 1415 406; baseline 0.003 -20"><span class='ocrx_word' id='word_1_11' title='bbox 132 339 213 386; x_wconf 79' lang='lat' dir='ltr'>sub</span> <span class='ocrx_word' id='word_1_12' title='bbox 233 338 478 388; x_wconf 83' lang='lat' dir='ltr'>adventum</span> <span class='ocrx_word' id='word_1_13' title='bbox 495 344 579 404; x_wconf 88' lang='lat' dir='ltr'>Ap.</span> <span class='ocrx_word' id='word_1_14' title='bbox 605 342 809 401; x_wconf 78' lang='lat' dir='ltr'>Claudii,</span> <span class='ocrx_word' id='word_1_15' title='bbox 840 342 1020 406; x_wconf 77' lang='lat' dir='ltr'>orsique</span> <span class='ocrx_word' id='word_1_16' title='bbox 1050 342 1216 390; x_wconf 83' lang='lat' dir='ltr'>bellum</span> <span class='ocrx_word' id='word_1_17' title='bbox 1241 343 1415 390; x_wconf 87' lang='lat' dir='ltr'>suntab</span> 
     </span>
     <span class='ocr_line' id='line_1_5' title="bbox 131 413 1417 477; baseline 0.003 -20"><span class='ocrx_word' id='word_1_18' title='bbox 131 413 362 474; x_wconf 83' lang='lat' dir='ltr'>repentina</span> <span class='ocrx_word' id='word_1_19' title='bbox 406 414 749 477; x_wconf 80' lang='lat' dir='ltr'>oppugnatione</span> <span class='ocrx_word' id='word_1_20' title='bbox 793 413 1038 461; x_wconf 87' lang='lat' dir='ltr'>castrorum</span> <span class='ocrx_word' id='word_1_21' title='bbox 1083 416 1417 461; x_wconf 89' lang='lat' dir='ltr'>Romanorum.</span> 
     </span>
     <span class='ocr_line' id='line_1_6' title="bbox 130 483 1420 548; baseline 0.002 -21"><span class='ocrx_word' id='word_1_22' title='bbox 130 483 279 530; x_wconf 85' lang='lat' dir='ltr'>Prima</span> <span class='ocrx_word' id='word_1_23' title='bbox 298 484 377 530; x_wconf 82' lang='lat' dir='ltr'>lux</span> <span class='ocrx_word' id='word_1_24' title='bbox 396 484 534 532; x_wconf 85' lang='lat' dir='ltr'>ferme</span> <span class='ocrx_word' id='word_1_25' title='bbox 554 499 648 532; x_wconf 87' lang='lat' dir='ltr'>erat</span> <span class='ocrx_word' id='word_1_26' title='bbox 663 521 677 542; x_wconf 92' lang='lat'><strong><em>‚</em></strong></span> <span class='ocrx_word' id='word_1_27' title='bbox 703 503 805 533; x_wconf 90' lang='lat' dir='ltr'>cum</span> <span class='ocrx_word' id='word_1_28' title='bbox 832 485 988 548; x_wconf 84' lang='lat' dir='ltr'>vigiles</span> <span class='ocrx_word' id='word_1_29' title='bbox 1006 486 1053 532; x_wconf 90' lang='lat' dir='ltr'>in</span> <span class='ocrx_word' id='word_1_30' title='bbox 1073 486 1200 533; x_wconf 88' lang='lat' dir='ltr'>vallo</span> <span class='ocrx_word' id='word_1_31' title='bbox 1213 521 1226 544; x_wconf 86' lang='lat'>‚</span> <span class='ocrx_word' id='word_1_32' title='bbox 1245 485 1420 548; x_wconf 83' lang='lat' dir='ltr'>quique·</span> 
     </span>
     <span class='ocr_line' id='line_1_7' title="bbox 131 554 1417 621; baseline 0.002 -21"><span class='ocrx_word' id='word_1_33' title='bbox 131 554 179 600; x_wconf 86' lang='lat' dir='ltr'>in</span> <span class='ocrx_word' id='word_1_34' title='bbox 200 568 431 621; x_wconf 86' lang='lat' dir='ltr'>portarum</span> <span class='ocrx_word' id='word_1_35' title='bbox 452 557 718 605; x_wconf 87' lang='lat' dir='ltr'>stationibus</span> <span class='ocrx_word' id='word_1_36' title='bbox 735 570 885 617; x_wconf 82' lang='lat' dir='ltr'>erant,</span> <span class='ocrx_word' id='word_1_37' title='bbox 900 575 1002 606; x_wconf 90' lang='lat' dir='ltr'>cum</span> <span class='ocrx_word' id='word_1_38' title='bbox 1024 557 1234 605; x_wconf 75' lang='lat' dir='ltr'>vidissent</span> <span class='ocrx_word' id='word_1_39' title='bbox 1252 556 1417 620; x_wconf 85' lang='lat' dir='ltr'>procul</span> 
     </span>
     <span class='ocr_line' id='line_1_8' title="bbox 133 629 1417 693; baseline 0.003 -19"><span class='ocrx_word' id='word_1_40' title='bbox 133 629 392 677; x_wconf 86' lang='lat' dir='ltr'>venientem</span> <span class='ocrx_word' id='word_1_41' title='bbox 422 631 620 687; x_wconf 83' lang='lat' dir='ltr'>hostem,</span> <span class='ocrx_word' id='word_1_42' title='bbox 652 632 708 678; x_wconf 87' lang='lat' dir='ltr'>ad</span> <span class='ocrx_word' id='word_1_43' title='bbox 735 648 855 678; x_wconf 90' lang='lat' dir='ltr'>arma</span> <span class='ocrx_word' id='word_1_44' title='bbox 880 631 1299 679; x_wconf 88' lang='lat' dir='ltr'>conclamaverunt.</span> <span class='ocrx_word' id='word_1_45' title='bbox 1329 633 1417 693; x_wconf 72' lang='lat' dir='ltr'>Ap,</span> 
     </span>
     <span class='ocr_line' id='line_1_9' title="bbox 128 702 1414 768; baseline -0.001 -20"><span class='ocrx_word' id='word_1_46' title='bbox 128 703 371 761; x_wconf 81' lang='lat' dir='ltr'>Claudius,</span> <span class='ocrx_word' id='word_1_47' title='bbox 392 704 517 768; x_wconf 88' lang='lat' dir='ltr'>figno</span> <span class='ocrx_word' id='word_1_48' title='bbox 536 703 772 767; x_wconf 89' lang='lat' dir='ltr'>propofito</span> <span class='ocrx_word' id='word_1_49' title='bbox 794 721 982 767; x_wconf 81' lang='lat' dir='ltr'>pugnae,</span> <span class='ocrx_word' id='word_1_50' title='bbox 999 720 1050 751; x_wconf 91' lang='lat' dir='ltr'>ac</span> <span class='ocrx_word' id='word_1_51' title='bbox 1071 702 1224 767; x_wconf 82' lang='lat' dir='ltr'>paucis</span> <span class='ocrx_word' id='word_1_52' title='bbox 1245 702 1414 748; x_wconf 83' lang='lat' dir='ltr'>adhor-</span> 
     </span>
     <span class='ocr_line' id='line_1_10' title="bbox 131 773 1417 838; baseline -0.002 -18"><span class='ocrx_word' id='word_1_53' title='bbox 131 788 249 828; x_wconf 78' lang='lat' dir='ltr'>tatus</span> <span class='ocrx_word' id='word_1_54' title='bbox 274 775 467 836; x_wconf 82' lang='lat' dir='ltr'>milites,</span> <span class='ocrx_word' id='word_1_55' title='bbox 486 777 628 823; x_wconf 88' lang='lat' dir='ltr'>tribus</span> <span class='ocrx_word' id='word_1_56' title='bbox 654 775 784 823; x_wconf 86' lang='lat' dir='ltr'>fimul</span> <span class='ocrx_word' id='word_1_57' title='bbox 813 775 956 838; x_wconf 84' lang='lat' dir='ltr'>portis</span> <span class='ocrx_word' id='word_1_58' title='bbox 984 775 1153 822; x_wconf 86' lang='lat' dir='ltr'>eduxit.</span> <span class='ocrx_word' id='word_1_59' title='bbox 1181 773 1417 821; x_wconf 87' lang='lat' dir='ltr'>Obfisten-</span> 
     </span>
     <span class='ocr_line' id='line_1_11' title="bbox 129 847 1418 912; baseline 0.002 -20"><span class='ocrx_word' id='word_1_60' title='bbox 129 847 248 893; x_wconf 86' lang='lat' dir='ltr'>tibus</span> <span class='ocrx_word' id='word_1_61' title='bbox 284 848 340 894; x_wconf 83' lang='lat' dir='ltr'>ad</span> <span class='ocrx_word' id='word_1_62' title='bbox 373 849 542 895; x_wconf 86' lang='lat' dir='ltr'>exitum</span> <span class='ocrx_word' id='word_1_63' title='bbox 578 849 848 906; x_wconf 82' lang='lat' dir='ltr'>Celtiberis,</span> <span class='ocrx_word' id='word_1_64' title='bbox 885 849 1035 912; x_wconf 87' lang='lat' dir='ltr'>primo</span> <span class='ocrx_word' id='word_1_65' title='bbox 1064 866 1143 911; x_wconf 89' lang='lat' dir='ltr'>par</span> <span class='ocrx_word' id='word_1_66' title='bbox 1174 859 1418 910; x_wconf 84' lang='lat' dir='ltr'>utrumque</span> 
     </span>
     <span class='ocr_line' id='line_1_12' title="bbox 131 918 1420 984; baseline 0.002 -21"><span class='ocrx_word' id='word_1_67' title='bbox 131 919 346 981; x_wconf 88' lang='lat' dir='ltr'>proelium</span> <span class='ocrx_word' id='word_1_68' title='bbox 367 920 453 966; x_wconf 90' lang='lat' dir='ltr'>fuit</span> <span class='ocrx_word' id='word_1_69' title='bbox 467 956 481 976; x_wconf 91' lang='lat'>‚</span> <span class='ocrx_word' id='word_1_70' title='bbox 501 922 605 984; x_wconf 88' lang='lat' dir='ltr'>quia</span> <span class='ocrx_word' id='word_1_71' title='bbox 627 932 813 984; x_wconf 90' lang='lat' dir='ltr'>propter</span> <span class='ocrx_word' id='word_1_72' title='bbox 833 920 1054 984; x_wconf 86' lang='lat' dir='ltr'>angustias</span> <span class='ocrx_word' id='word_1_73' title='bbox 1073 937 1168 966; x_wconf 91' lang='lat' dir='ltr'>non</span> <span class='ocrx_word' id='word_1_74' title='bbox 1196 935 1353 967; x_wconf 89' lang='lat' dir='ltr'>omnes</span> <span class='ocrx_word' id='word_1_75' title='bbox 1372 918 1420 964; x_wconf 84' lang='lat' dir='ltr'>in</span> 
     </span>
     <span class='ocr_line' id='line_1_13' title="bbox 133 990 1422 1057; baseline 0.001 -21"><span class='ocrx_word' id='word_1_76' title='bbox 133 990 338 1038; x_wconf 85' lang='lat' dir='ltr'>faucibus</span> <span class='ocrx_word' id='word_1_77' title='bbox 358 1010 557 1057; x_wconf 84' lang='lat' dir='ltr'>pugnare</span> <span class='ocrx_word' id='word_1_78' title='bbox 578 1005 786 1055; x_wconf 88' lang='lat' dir='ltr'>poterant</span> <span class='ocrx_word' id='word_1_79' title='bbox 806 993 1000 1040; x_wconf 89' lang='lat' dir='ltr'>Romani</span> <span class='ocrx_word' id='word_1_80' title='bbox 1022 1012 1032 1040; x_wconf 92' lang='lat'><strong>:</strong></span> <span class='ocrx_word' id='word_1_81' title='bbox 1054 1004 1262 1057; x_wconf 87' lang='lat' dir='ltr'>urgentes</span> <span class='ocrx_word' id='word_1_82' title='bbox 1289 990 1422 1038; x_wconf 89' lang='lat' dir='ltr'>dein-</span> 
     </span>
     <span class='ocr_line' id='line_1_14' title="bbox 98 1065 1423 1127; baseline 0.001 -18"><span class='ocrx_word' id='word_1_83' title='bbox 98 1118 104 1127; x_wconf 25' lang='grc' dir='ltr'><strong><em>μ</em></strong></span> <span class='ocrx_word' id='word_1_84' title='bbox 135 1065 189 1110; x_wconf 91' lang='lat' dir='ltr'>de</span> <span class='ocrx_word' id='word_1_85' title='bbox 214 1065 285 1110; x_wconf 81' lang='lat' dir='ltr'>alii</span> <span class='ocrx_word' id='word_1_86' title='bbox 311 1066 425 1113; x_wconf 86' lang='lat' dir='ltr'>alios</span> <span class='ocrx_word' id='word_1_87' title='bbox 450 1066 587 1114; x_wconf 87' lang='lat' dir='ltr'>secuti</span> <span class='ocrx_word' id='word_1_88' title='bbox 609 1066 849 1114; x_wconf 85' lang='lat' dir='ltr'>evaserunt</span> <span class='ocrx_word' id='word_1_89' title='bbox 873 1078 995 1113; x_wconf 89' lang='lat' dir='ltr'>extra</span> <span class='ocrx_word' id='word_1_90' title='bbox 1015 1067 1212 1124; x_wconf 83' lang='lat' dir='ltr'>vallum,</span> <span class='ocrx_word' id='word_1_91' title='bbox 1240 1077 1289 1112; x_wconf 82' lang='lat' dir='ltr'>ut</span> <span class='ocrx_word' id='word_1_92' title='bbox 1309 1081 1423 1127; x_wconf 86' lang='lat' dir='ltr'>pan·-</span> 
     </span>
     <span class='ocr_line' id='line_1_15' title="bbox 136 1136 1422 1204; baseline 0.002 -22"><span class='ocrx_word' id='word_1_93' title='bbox 136 1136 239 1183; x_wconf 87' lang='lat' dir='ltr'>dere</span> <span class='ocrx_word' id='word_1_94' title='bbox 259 1139 425 1197; x_wconf 76' lang='lat' dir='ltr'>aciem,</span> <span class='ocrx_word' id='word_1_95' title='bbox 460 1142 510 1188; x_wconf 85' lang='lat'>&amp;</span> <span class='ocrx_word' id='word_1_96' title='bbox 531 1140 757 1204; x_wconf 82' lang='lat' dir='ltr'>exaequari</span> <span class='ocrx_word' id='word_1_97' title='bbox 777 1140 990 1187; x_wconf 85' lang='lat' dir='ltr'>cornibus</span> <span class='ocrx_word' id='word_1_98' title='bbox 1008 1138 1208 1186; x_wconf 89' lang='lat' dir='ltr'>hostibus</span> <span class='ocrx_word' id='word_1_99' title='bbox 1221 1175 1238 1196; x_wconf 89' lang='lat'><em>,</em></span> <span class='ocrx_word' id='word_1_100' title='bbox 1259 1138 1422 1201; x_wconf 80' lang='lat' dir='ltr'>quibus</span> 
     </span>
     <span class='ocr_line' id='line_1_16' title="bbox 130 1210 1422 1274; baseline 0.002 -19"><span class='ocrx_word' id='word_1_101' title='bbox 130 1210 516 1269; x_wconf 82' lang='lat' dir='ltr'>circumibantur‚</span> <span class='ocrx_word' id='word_1_102' title='bbox 542 1212 731 1273; x_wconf 82' lang='lat' dir='ltr'>poffent.</span> <span class='ocrx_word' id='word_1_103' title='bbox 762 1213 823 1258; x_wconf 89' lang='lat' dir='ltr'>ita</span> <span class='ocrx_word' id='word_1_104' title='bbox 852 1224 1035 1274; x_wconf 86' lang='lat' dir='ltr'>repente</span> <span class='ocrx_word' id='word_1_105' title='bbox 1070 1224 1341 1274; x_wconf 83' lang='lat' dir='ltr'>eruperunt,</span> <span class='ocrx_word' id='word_1_106' title='bbox 1371 1223 1422 1257; x_wconf 91' lang='lat' dir='ltr'>ut</span> 
     </span>
     <span class='ocr_line' id='line_1_17' title="bbox 135 1283 1422 1348; baseline 0.002 -20"><span class='ocrx_word' id='word_1_107' title='bbox 135 1283 345 1330; x_wconf 74' lang='lat' dir='ltr'>sustinere</span> <span class='ocrx_word' id='word_1_108' title='bbox 370 1284 588 1346; x_wconf 88' lang='lat' dir='ltr'>impetum</span> <span class='ocrx_word' id='word_1_109' title='bbox 611 1302 769 1332; x_wconf 86' lang='lat' dir='ltr'>eorum</span> <span class='ocrx_word' id='word_1_110' title='bbox 791 1286 1007 1332; x_wconf 82' lang='lat' dir='ltr'>Celtiberi</span> <span class='ocrx_word' id='word_1_111' title='bbox 1026 1285 1280 1348; x_wconf 84' lang='lat' dir='ltr'>nequirent.</span> <span class='ocrx_word' id='word_1_112' title='bbox 1304 1286 1422 1330; x_wconf 84' lang='lat' dir='ltr'>Ante</span> 
     </span>
     <span class='ocr_line' id='line_1_18' title="bbox 135 1355 1423 1420; baseline -0.001 -18"><span class='ocrx_word' id='word_1_113' title='bbox 135 1355 296 1403; x_wconf 86' lang='lat' dir='ltr'>horam</span> <span class='ocrx_word' id='word_1_114' title='bbox 333 1356 569 1404; x_wconf 83' lang='lat' dir='ltr'>secundam</span> <span class='ocrx_word' id='word_1_115' title='bbox 606 1357 716 1420; x_wconf 88' lang='lat' dir='ltr'>pulfi</span> <span class='ocrx_word' id='word_1_116' title='bbox 752 1357 881 1404; x_wconf 86' lang='lat' dir='ltr'>sunt:</span> <span class='ocrx_word' id='word_1_117' title='bbox 906 1358 960 1403; x_wconf 83' lang='lat' dir='ltr'>ad</span> <span class='ocrx_word' id='word_1_118' title='bbox 992 1356 1251 1419; x_wconf 90' lang='lat' dir='ltr'>quindecim</span> <span class='ocrx_word' id='word_1_119' title='bbox 1285 1355 1423 1402; x_wconf 83' lang='lat' dir='ltr'>millia</span> 
     </span>
     <span class='ocr_line' id='line_1_19' title="bbox 134 1428 1422 1495; baseline 0 -21"><span class='ocrx_word' id='word_1_120' title='bbox 134 1428 244 1476; x_wconf 81' lang='lat' dir='ltr'>caesa</span> <span class='ocrx_word' id='word_1_121' title='bbox 264 1443 337 1477; x_wconf 88' lang='lat' dir='ltr'>aut</span> <span class='ocrx_word' id='word_1_122' title='bbox 357 1443 483 1493; x_wconf 87' lang='lat' dir='ltr'>capta</span> <span class='ocrx_word' id='word_1_123' title='bbox 503 1447 514 1476; x_wconf 75' lang='grc' dir='ltr'>ε</span> <span class='ocrx_word' id='word_1_124' title='bbox 536 1431 655 1495; x_wconf 76' lang='lat' dir='ltr'>figna</span> <span class='ocrx_word' id='word_1_125' title='bbox 676 1432 849 1479; x_wconf 80' lang='lat' dir='ltr'>ademta</span> <span class='ocrx_word' id='word_1_126' title='bbox 869 1432 960 1478; x_wconf 86' lang='lat' dir='ltr'>duo</span> <span class='ocrx_word' id='word_1_127' title='bbox 981 1433 1030 1479; x_wconf 89' lang='lat'>&amp;</span> <span class='ocrx_word' id='word_1_128' title='bbox 1053 1429 1247 1493; x_wconf 82' lang='lat' dir='ltr'>triginta.</span> <span class='ocrx_word' id='word_1_129' title='bbox 1267 1428 1422 1475; x_wconf 85' lang='lat' dir='ltr'>Castra</span> 
     </span>
     <span class='ocr_line' id='line_1_20' title="bbox 135 1501 1424 1568; baseline -0.001 -20"><span class='ocrx_word' id='word_1_130' title='bbox 135 1502 269 1549; x_wconf 87' lang='lat' dir='ltr'>etiam</span> <span class='ocrx_word' id='word_1_131' title='bbox 296 1521 352 1550; x_wconf 91' lang='lat' dir='ltr'>eo</span> <span class='ocrx_word' id='word_1_132' title='bbox 380 1506 449 1552; x_wconf 86' lang='lat' dir='ltr'>die</span> <span class='ocrx_word' id='word_1_133' title='bbox 473 1518 756 1568; x_wconf 77' lang='lat' dir='ltr'>expugnata,</span> <span class='ocrx_word' id='word_1_134' title='bbox 784 1505 1161 1567; x_wconf 85' lang='lat' dir='ltr'>debellatumque.</span> <span class='ocrx_word' id='word_1_135' title='bbox 1194 1519 1322 1560; x_wconf 82' lang='lat' dir='ltr'>nam,</span> <span class='ocrx_word' id='word_1_136' title='bbox 1343 1501 1424 1564; x_wconf 86' lang='lat' dir='ltr'>qui</span> 
     </span>
     <span class='ocr_line' id='line_1_21' title="bbox 136 1575 1424 1644; baseline -0.001 -21"><span class='ocrx_word' id='word_1_137' title='bbox 136 1577 395 1644; x_wconf 71' lang='lat' dir='ltr'>supetfuere</span> <span class='ocrx_word' id='word_1_138' title='bbox 415 1580 582 1642; x_wconf 88' lang='lat' dir='ltr'>proelio</span> <span class='ocrx_word' id='word_1_139' title='bbox 603 1616 616 1637; x_wconf 89' lang='lat'>‚</span> <span class='ocrx_word' id='word_1_140' title='bbox 632 1581 678 1626; x_wconf 86' lang='lat' dir='ltr'>in</span> <span class='ocrx_word' id='word_1_141' title='bbox 699 1579 867 1643; x_wconf 79' lang='lat' dir='ltr'>opp-ida</span> <span class='ocrx_word' id='word_1_142' title='bbox 885 1577 959 1626; x_wconf 81' lang='lat' dir='ltr'>sua</span> <span class='ocrx_word' id='word_1_143' title='bbox 979 1577 1132 1640; x_wconf 77' lang='lat' dir='ltr'>dilapsi</span> <span class='ocrx_word' id='word_1_144' title='bbox 1153 1576 1264 1624; x_wconf 86' lang='lat' dir='ltr'>sunt.</span> <span class='ocrx_word' id='word_1_145' title='bbox 1283 1575 1424 1639; x_wconf 82' lang='lat' dir='ltr'>quieti</span> 
     </span>
     <span class='ocr_line' id='line_1_22' title="bbox 132 1652 800 1716; baseline 0.003 -18"><span class='ocrx_word' id='word_1_146' title='bbox 132 1653 293 1699; x_wconf 85' lang='lat' dir='ltr'>deinde</span> <span class='ocrx_word' id='word_1_147' title='bbox 321 1666 565 1715; x_wconf 73' lang='lat' dir='ltr'>paruerunt</span> <span class='ocrx_word' id='word_1_148' title='bbox 590 1652 800 1716; x_wconf 81' lang='lat' dir='ltr'>imperio.</span> 
     </span>
    </p>

    <p class='ocr_par' dir='ltr' id='par_1_4' title="bbox 131 1724 1433 2516">
     <span class='ocr_line' id='line_1_23' title="bbox 205 1724 1424 1786; baseline -0.002 -13"><span class='ocrx_word' id='word_1_149' title='bbox 205 1728 399 1774; x_wconf 88' lang='lat' dir='ltr'>XXVII.</span> <span class='ocrx_word' id='word_1_150' title='bbox 443 1730 666 1775; x_wconf 77' lang='lat' dir='ltr'>Censores</span> <span class='ocrx_word' id='word_1_151' title='bbox 708 1745 763 1774; x_wconf 91' lang='lat' dir='ltr'>eo</span> <span class='ocrx_word' id='word_1_152' title='bbox 803 1743 926 1774; x_wconf 86' lang='lat' dir='ltr'>anno</span> <span class='ocrx_word' id='word_1_153' title='bbox 966 1725 1100 1774; x_wconf 81' lang='lat' dir='ltr'>creati</span> <span class='ocrx_word' id='word_1_154' title='bbox 1139 1727 1200 1786; x_wconf 80' lang='lat' dir='ltr'>Q.</span> <span class='ocrx_word' id='word_1_155' title='bbox 1235 1724 1424 1771; x_wconf 84' lang='lat' dir='ltr'>Fulvius</span> 
     </span>
     <span class='ocr_line' id='line_1_24' title="bbox 131 1797 1424 1863; baseline -0.002 -18"><span class='ocrx_word' id='word_1_156' title='bbox 131 1799 315 1848; x_wconf 79' lang='lat' dir='ltr'>Flaccus</span> <span class='ocrx_word' id='word_1_157' title='bbox 343 1804 391 1849; x_wconf 90' lang='lat'>&amp;</span> <span class='ocrx_word' id='word_1_158' title='bbox 414 1804 467 1848; x_wconf 85' lang='lat' dir='ltr'>A.</span> <span class='ocrx_word' id='word_1_159' title='bbox 489 1801 741 1847; x_wconf 82' lang='lat' dir='ltr'>Postumius</span> <span class='ocrx_word' id='word_1_160' title='bbox 762 1800 953 1847; x_wconf 81' lang='lat' dir='ltr'>Albinus</span> <span class='ocrx_word' id='word_1_161' title='bbox 974 1800 1179 1863; x_wconf 76' lang='lat' dir='ltr'>legerunt</span> <span class='ocrx_word' id='word_1_162' title='bbox 1198 1797 1424 1844; x_wconf 78' lang='lat' dir='ltr'>senatum:</span> 
     </span>
     <span class='ocr_line' id='line_1_25' title="bbox 133 1870 1425 1938; baseline -0.003 -19"><span class='ocrx_word' id='word_1_163' title='bbox 133 1874 341 1938; x_wconf 84' lang='lat' dir='ltr'>princeps</span> <span class='ocrx_word' id='word_1_164' title='bbox 364 1875 499 1921; x_wconf 61' lang='lat' dir='ltr'>leStus</span> <span class='ocrx_word' id='word_1_165' title='bbox 519 1877 582 1921; x_wconf 87' lang='lat' dir='ltr'>M.</span> <span class='ocrx_word' id='word_1_166' title='bbox 602 1874 811 1922; x_wconf 70' lang='lat' dir='ltr'>AEmilius</span> <span class='ocrx_word' id='word_1_167' title='bbox 830 1872 1026 1934; x_wconf 80' lang='lat' dir='ltr'>Lepidus</span> <span class='ocrx_word' id='word_1_168' title='bbox 1044 1870 1254 1935; x_wconf 75' lang='lat' dir='ltr'>pontifex</span> <span class='ocrx_word' id='word_1_169' title='bbox 1276 1870 1425 1916; x_wconf 80' lang='lat' dir='ltr'>maxi-</span> 
     </span>
     <span class='ocr_line' id='line_1_26' title="bbox 133 1945 1423 2007; baseline -0.002 -14"><span class='ocrx_word' id='word_1_170' title='bbox 133 1959 246 1995; x_wconf 84' lang='lat' dir='ltr'>mus.</span> <span class='ocrx_word' id='word_1_171' title='bbox 286 1950 361 1995; x_wconf 91' lang='lat' dir='ltr'>De</span> <span class='ocrx_word' id='word_1_172' title='bbox 398 1948 550 1994; x_wconf 79' lang='lat' dir='ltr'>senatu</span> <span class='ocrx_word' id='word_1_173' title='bbox 587 1964 759 1994; x_wconf 85' lang='lat' dir='ltr'>novem</span> <span class='ocrx_word' id='word_1_174' title='bbox 796 1945 1037 2005; x_wconf 68' lang='lat' dir='ltr'>ejecerunt.</span> <span class='ocrx_word' id='word_1_175' title='bbox 1071 1945 1262 2007; x_wconf 80' lang='lat' dir='ltr'>insignes</span> <span class='ocrx_word' id='word_1_176' title='bbox 1300 1956 1423 1990; x_wconf 80' lang='lat' dir='ltr'>notae</span> 
     </span>
     <span class='ocr_line' id='line_1_27' title="bbox 131 2016 1433 2080; baseline -0.003 -16"><span class='ocrx_word' id='word_1_177' title='bbox 131 2017 315 2065; x_wconf 77' lang='lat' dir='ltr'>suerunt</span> <span class='ocrx_word' id='word_1_178' title='bbox 337 2023 399 2066; x_wconf 76' lang='lat' dir='ltr'>M.</span> <span class='ocrx_word' id='word_1_179' title='bbox 422 2019 627 2065; x_wconf 84' lang='lat' dir='ltr'>Cornelii</span> <span class='ocrx_word' id='word_1_180' title='bbox 647 2017 964 2080; x_wconf 74' lang='lat' dir='ltr'>Maluginensis</span> <span class='ocrx_word' id='word_1_181' title='bbox 982 2052 994 2074; x_wconf 80' lang='grc'><strong>,</strong></span> <span class='ocrx_word' id='word_1_182' title='bbox 1017 2016 1094 2079; x_wconf 83' lang='lat' dir='ltr'>qui</span> <span class='ocrx_word' id='word_1_183' title='bbox 1113 2016 1300 2062; x_wconf 88' lang='lat' dir='ltr'>biennio</span> <span class='ocrx_word' id='word_1_184' title='bbox 1319 2027 1433 2061; x_wconf 50' lang='lat' dir='ltr'>ante&gt;</span> 
     </span>
     <span class='ocr_line' id='line_1_28' title="bbox 133 2087 1426 2153; baseline -0.002 -17"><span class='ocrx_word' id='word_1_185' title='bbox 133 2106 305 2152; x_wconf 68' lang='lat' dir='ltr'>praetor</span> <span class='ocrx_word' id='word_1_186' title='bbox 335 2092 381 2138; x_wconf 91' lang='lat' dir='ltr'>in</span> <span class='ocrx_word' id='word_1_187' title='bbox 405 2090 618 2153; x_wconf 74' lang='lat' dir='ltr'>Hispania</span> <span class='ocrx_word' id='word_1_188' title='bbox 640 2090 806 2145; x_wconf 82' lang='lat' dir='ltr'>fuerat3</span> <span class='ocrx_word' id='word_1_189' title='bbox 827 2092 874 2137; x_wconf 65' lang='grc' dir='ltr'>ὃ(</span> <span class='ocrx_word' id='word_1_190' title='bbox 901 2092 948 2135; x_wconf 91' lang='lat' dir='ltr'>L.</span> <span class='ocrx_word' id='word_1_191' title='bbox 972 2089 1177 2136; x_wconf 85' lang='lat' dir='ltr'>Cornelii</span> <span class='ocrx_word' id='word_1_192' title='bbox 1195 2087 1426 2150; x_wconf 81' lang='lat' dir='ltr'>Scipionis</span> 
     </span>
     <span class='ocr_line' id='line_1_29' title="bbox 131 2159 1425 2225; baseline -0.002 -17"><span class='ocrx_word' id='word_1_193' title='bbox 131 2164 340 2224; x_wconf 80' lang='lat' dir='ltr'>praetoris</span> <span class='ocrx_word' id='word_1_194' title='bbox 356 2196 369 2218; x_wconf 88' lang='lat'>‚</span> <span class='ocrx_word' id='word_1_195' title='bbox 393 2162 516 2223; x_wconf 83' lang='lat' dir='ltr'>cujus</span> <span class='ocrx_word' id='word_1_196' title='bbox 537 2175 631 2209; x_wconf 85' lang='lat' dir='ltr'>tum</span> <span class='ocrx_word' id='word_1_197' title='bbox 652 2163 768 2208; x_wconf 84' lang='lat' dir='ltr'>inter</span> <span class='ocrx_word' id='word_1_198' title='bbox 794 2162 916 2210; x_wconf 86' lang='lat' dir='ltr'>cives</span> <span class='ocrx_word' id='word_1_199' title='bbox 941 2164 990 2209; x_wconf 60' lang='grc' dir='ltr'>δέ</span> <span class='ocrx_word' id='word_1_200' title='bbox 1012 2161 1273 2225; x_wconf 79' lang='lat' dir='ltr'>peregrinos</span> <span class='ocrx_word' id='word_1_201' title='bbox 1292 2159 1425 2221; x_wconf 78' lang='lat' dir='ltr'>juris-</span> 
     </span>
     <span class='ocr_line' id='line_1_30' title="bbox 132 2233 1424 2297; baseline -0.002 -16"><span class='ocrx_word' id='word_1_202' title='bbox 132 2235 269 2282; x_wconf 71' lang='lat' dir='ltr'>diffie</span> <span class='ocrx_word' id='word_1_203' title='bbox 300 2247 420 2289; x_wconf 79' lang='lat' dir='ltr'>erat3</span> <span class='ocrx_word' id='word_1_204' title='bbox 457 2238 504 2283; x_wconf 87' lang='lat'>&amp;</span> <span class='ocrx_word' id='word_1_205' title='bbox 535 2237 621 2282; x_wconf 88' lang='lat' dir='ltr'>Cn.</span> <span class='ocrx_word' id='word_1_206' title='bbox 659 2234 836 2292; x_wconf 85' lang='lat' dir='ltr'>Fulvii,</span> <span class='ocrx_word' id='word_1_207' title='bbox 877 2233 958 2297; x_wconf 83' lang='lat' dir='ltr'>qui</span> <span class='ocrx_word' id='word_1_208' title='bbox 993 2233 1126 2280; x_wconf 85' lang='lat' dir='ltr'>frater</span> <span class='ocrx_word' id='word_1_209' title='bbox 1159 2249 1424 2297; x_wconf 82' lang='lat' dir='ltr'>germanus,</span> 
     </span>
     <span class='ocr_line' id='line_1_31' title="bbox 133 2304 1420 2364; baseline -0.002 -11"><span class='ocrx_word' id='word_1_210' title='bbox 133 2309 210 2362; x_wconf 64' lang='grc' dir='ltr'>δί’,</span> <span class='ocrx_word' id='word_1_211' title='bbox 231 2319 280 2352; x_wconf 87' lang='lat' dir='ltr'>ut</span> <span class='ocrx_word' id='word_1_212' title='bbox 299 2306 506 2353; x_wconf 84' lang='lat' dir='ltr'>Valerius</span> <span class='ocrx_word' id='word_1_213' title='bbox 526 2307 681 2353; x_wconf 80' lang='lat' dir='ltr'>Antias</span> <span class='ocrx_word' id='word_1_214' title='bbox 709 2306 867 2364; x_wconf 84' lang='lat' dir='ltr'>tradit,</span> <span class='ocrx_word' id='word_1_215' title='bbox 895 2304 1083 2352; x_wconf 73' lang='lat' dir='ltr'>consors</span> <span class='ocrx_word' id='word_1_216' title='bbox 1105 2306 1239 2352; x_wconf 86' lang='lat' dir='ltr'>etiam</span> <span class='ocrx_word' id='word_1_217' title='bbox 1259 2304 1420 2352; x_wconf 88' lang='lat' dir='ltr'>censo-</span> 
     </span>
     <span class='ocr_line' id='line_1_32' title="bbox 133 2379 1427 2442; baseline -0.001 -17"><span class='ocrx_word' id='word_1_218' title='bbox 133 2380 195 2426; x_wconf 83' lang='lat' dir='ltr'>ris</span> <span class='ocrx_word' id='word_1_219' title='bbox 220 2393 325 2428; x_wconf 74' lang='lat' dir='ltr'>erat.</span> <span class='ocrx_word' id='word_1_220' title='bbox 359 2381 610 2438; x_wconf 78' lang='lat' dir='ltr'>Consules,</span> <span class='ocrx_word' id='word_1_221' title='bbox 644 2381 766 2428; x_wconf 85' lang='lat' dir='ltr'>votis</span> <span class='ocrx_word' id='word_1_222' title='bbox 798 2380 932 2427; x_wconf 83' lang='lat' dir='ltr'>etiam</span> <span class='ocrx_word' id='word_1_223' title='bbox 966 2381 1011 2426; x_wconf 82' lang='lat' dir='ltr'>in</span> <span class='ocrx_word' id='word_1_224' title='bbox 1041 2379 1277 2442; x_wconf 86' lang='lat' dir='ltr'>Capitolio</span> <span class='ocrx_word' id='word_1_225' title='bbox 1306 2395 1427 2426; x_wconf 84' lang='lat' dir='ltr'>nun·-·</span> 
     </span>
     <span class='ocr_line' id='line_1_33' title="bbox 133 2452 1427 2516; baseline 0.001 -17"><span class='ocrx_word' id='word_1_226' title='bbox 133 2453 307 2513; x_wconf 83' lang='lat' dir='ltr'>cupatis</span> <span class='ocrx_word' id='word_1_227' title='bbox 325 2490 338 2511; x_wconf 60' lang='lat'>9</span> <span class='ocrx_word' id='word_1_228' title='bbox 359 2453 404 2499; x_wconf 84' lang='lat' dir='ltr'>in</span> <span class='ocrx_word' id='word_1_229' title='bbox 428 2453 691 2516; x_wconf 76' lang='lat' dir='ltr'>provincias</span> <span class='ocrx_word' id='word_1_230' title='bbox 710 2453 902 2515; x_wconf 60' lang='lat' dir='ltr'>profecti</span> <span class='ocrx_word' id='word_1_231' title='bbox 923 2452 1035 2499; x_wconf 89' lang='lat' dir='ltr'>sunt.</span> <span class='ocrx_word' id='word_1_232' title='bbox 1056 2455 1124 2499; x_wconf 76' lang='lat' dir='ltr'>Ex</span> <span class='ocrx_word' id='word_1_233' title='bbox 1146 2452 1199 2499; x_wconf 87' lang='lat' dir='ltr'>iis</span> <span class='ocrx_word' id='word_1_234' title='bbox 1218 2455 1268 2498; x_wconf 90' lang='lat' dir='ltr'>M</span> <span class='ocrx_word' id='word_1_235' title='bbox 1287 2453 1427 2500; x_wconf 84' lang='lat' dir='ltr'>AEmi-</span> 
     </span>
    </p>
   </div>
  </div>
 </body>
</html>
