1618 2715
195 102 289 150 354
449 99 451 102 ⁴
559 85 602 132 T
636 87 654 132 1
688 86 730 134 T
762 87 782 132 1
857 87 893 132 L
928 89 946 133 ἶ
983 87 1025 132 V
1059 88 1077 133 1
1111 88 1130 134 ἰ

191 194 277 239 fito
297 191 344 240 in
363 191 604 256 conspechi
630 192 802 254 poculo
824 228 836 247 ‚
857 158 1098 255 strictisque
1124 189 1281 257 gladiis
1297 229 1311 252 ‚
1333 194 1481 252 Mors,¹

192 265 368 329 inquit,
389 285 474 311 una
494 263 680 311 vindic‘la
699 266 762 327 est.
791 266 878 309 Viae
905 268 965 310 ad
981 281 1147 312 mortem
1170 267 1375 326 haesunc:
1396 284 1479 327 qua

191 357 381 399 quemque
397 340 566 382 animus
578 336 690 394 fert,
712 333 1124 398 effugiteficperbiam
1144 341 1309 399 regiam.
1332 341 1480 400 Agite,

184 412 362 470 juvenes
383 414 482 466 mei,
500 413 704 470 primum,
724 411 795 470 qai
814 409 996 465 majores
1014 411 1130 475 estis,
1149 415 1281 472 capite
1289 411 1446 470 ferrum
1457 430 1480 468 ,-

195 502 270 531 aut
293 486 447 530 haurite
470 488 667 544 poculum
685 482 936 546 ‚fifignior
958 501 1068 528 mors
1077 483 1226 539 juvat.
1258 485 1315 529 Et
1334 483 1484 529 hostes

193 558 377 604 aderant
390 591 400 609 ‚
420 559 468 603 δέ
489 557 643 601 auctor
660 556 820 601 mortis
845 554 1047 604 instabat.
1071 555 1160 602 Alii
1181 556 1271 604 alio
1289 558 1381 603 leto
1401 556 1484 602 ab·-

195 628 328 674 sumti
347 627 624 674 semianimes
645 643 667 673 e
689 642 806 673 nave
821 626 1175 690 praecipitantur.
1195 627 1286 690 ipsa
1304 627 1483 685 deinde,

195 701 350 746 virum
371 698 586 746 comitem
613 698 775 744 mortis
797 699 1037 762 complexa
1051 735 1066 758 ‚
1087 699 1134 746 in
1153 716 1274 746 mare
1300 699 1386 747 sese
1407 700 1487 749 de·-¹

196 775 319 839 jecit.
360 791 476 821 nave
507 786 650 821 vacua
677 772 876 819 dominis
903 774 1014 837 regii
1042 773 1176 836 potiti
1204 773 1315 820 sunt.

262 850 317 894 V.
346 845 491 905 Hujus
517 845 735 892 atrocitas
761 844 978 892 facinoris
1007 861 1176 891 novam
1202 844 1330 891 velut
1355 843 1485 890 flam·
1507 865 1517 869 -

197 937 316 967 mam
336 919 449 982 regis
473 918 660 965 invidiae
687 916 852 979 adjecit
868 954 882 975 ,
902 929 952 964 ut
972 918 1115 981 vulgo
1135 916 1277 979 ipsum
1296 916 1486 963 liberos-

195 1010 285 1056 que
311 991 408 1053 ejus
440 990 792 1038 exsecrarentur.
830 1007 930 1053 quae
964 989 1073 1036 dirae
1098 988 1230 1051 brevi
1254 989 1308 1036 ab
1334 988 1487 1035 omni-

197 1068 281 1115 bus
312 1066 414 1114 Diis
434 1065 681 1122 exauditae,
702 1077 753 1110 ut
779 1063 957 1112 saeviret
983 1064 1075 1127 ipse
1095 1064 1142 1110 in
1162 1063 1289 1110 suum
1314 1061 1486 1127 sangui·

200 1157 330 1196 nem,
361 1138 619 1184 effecerunt.
657 1135 836 1183 Perseus
857 1137 977 1182 enim
995 1172 1010 1192 ‚
1031 1152 1131 1182 cum
1158 1134 1205 1181 in
1233 1134 1325 1181 dies
1350 1135 1489 1198 magis

201 1224 405 1259 cerneret
442 1210 652 1257 favorem
686 1208 1037 1272 dignitatemque
1077 1207 1302 1254 Demetrii
1343 1206 1488 1254 fratris

203 1285 325 1347 apud
351 1283 657 1330 Macedonum
690 1281 1023 1328 multitudinem
1057 1279 1279 1338 crescere,
1311 1282 1360 1328 &
1391 1297 1490 1344 gra-

200 1358 309 1405 tiam
329 1357 448 1418 apud
467 1357 728 1413 Romanos,
745 1355 823 1402 fibi
851 1355 971 1418 spem
998 1353 1166 1401 nullam
1181 1353 1311 1417 'regni
1331 1353 1489 1417 super-

202 1431 288 1477 effe
306 1467 319 1487 ‚
345 1429 425 1476 nisi
456 1429 502 1475 in
528 1428 692 1476 scelere
709 1464 722 1486 ‚
740 1441 861 1475 ratus
880 1463 893 1486 ‚
911 1428 967 1474 ad
988 1427 1035 1473 id
1053 1444 1193 1474 unum
1219 1443 1377 1473 omnes
1405 1443 1489 1473 co-

204 1503 446 1567 gitationes
480 1502 686 1547 intendit,
721 1517 918 1548 ceterum
948 1518 1052 1547 cum
1079 1499 1121 1547 se
1150 1499 1205 1547 ne
1229 1500 1284 1546 ad
1312 1500 1358 1546 id
1387 1500 1490 1563 qui-

204 1579 305 1624 dem
322 1614 337 1635 ,
366 1576 492 1640 quod
523 1575 733 1621 muliebri
766 1572 993 1638 cogitabat
1017 1574 1168 1623 animo
1184 1610 1198 1632 ,
1216 1573 1323 1628 satis,
1342 1591 1421 1636 per
1447 1573 1490 1621 se

202 1650 404 1698 validum
433 1650 631 1696 crederet
648 1685 661 1707 ,
689 1648 887 1711 singulos
909 1649 1159 1696 amicorum
1182 1646 1317 1710 patris
1339 1660 1489 1693 tenta-

203 1739 251 1769 re
270 1721 547 1769 sermonibus
568 1721 791 1783 perplexis
808 1720 978 1768 institit.
1000 1723 1049 1768 &
1066 1721 1213 1783 primo
1232 1720 1411 1784 quidam
1431 1738 1490 1767 ex

203 1796 272 1842 his
303 1795 634 1858 aspernantium
667 1793 753 1839 tale
785 1793 1029 1857 quidquam
1062 1794 1251 1856 speciem
1283 1794 1489 1855 praebue-

205 1882 338 1923 runt,
370 1869 471 1931 quia
498 1870 598 1931 plus
626 1868 671 1913 in
702 1868 943 1913 Demetrio
977 1867 1066 1930 spei
1090 1867 1332 1930 ponebant.
1361 1867 1491 1914 dein-

202 1943 285 1999 de,
313 1941 539 1989 crescente
569 1941 614 1986 in
643 1941 734 1987 dies
768 1939 966 2002 Philippi
998 1939 1109 1985 odio
1144 1939 1191 1984 in
1221 1940 1454 1987 Romanos
1473 1976 1489 1997 ,

204 2015 279 2061 cui
309 2013 490 2060 Perseus
519 2013 774 2075 indulgeret
789 2047 804 2068 ‚
830 2013 1092 2057 Demetrius
1112 2011 1280 2057 summa
1301 2027 1389 2074 ope
1409 2013 1489 2059 ad-

203 2086 480 2144 versaretur,
513 2085 838 2148 prospicientes
876 2085 1030 2132 animo
1063 2084 1235 2131 exitum
1264 2084 1429 2131 incauti
1463 2101 1495 2130 a·

205 2161 360 2206 {raude
391 2160 585 2207 fraterna
614 2159 795 2221 juvenis
813 2195 825 2216 ,
853 2158 1186 2220 adjuvandum,
1211 2157 1335 2221 quod
1362 2157 1491 2202 futu-

205 2252 304 2281 rum
319 2247 412 2281 erat
425 2271 438 2291 ‚
458 2235 566 2292 rati,
585 2233 923 2296 fovendamque
942 2234 1060 2295 spem
1081 2231 1375 2296 potentioris,
1394 2232 1490 2275 Ρετα

207 2306 282 2352 seo
316 2306 356 2353 se
386 2306 650 2369 adjungunt.
692 2317 839 2352 cetera
869 2306 915 2352 in
946 2305 1075 2352 suum
1101 2319 1289 2366 quaeque
1315 2314 1492 2364 tempus

205 2380 374 2443 agenda
403 2380 624 2427 differunt.
670 2378 714 2428 in
736 2377 969 2445 praesentia
988 2378 1134 2441 placet
1148 2411 1164 2440 3
1186 2375 1313 2422 omni
1334 2391 1422 2439 ope
1441 2375 1490 2433 in
