1618 2715
282 130 821 180 HISTORIARUM
856 129 976 175 LIB.
1011 128 1236 176 XXXIX.
1316 131 1406 177 287

1382 173 1392 192 l

125 259 178 290 ea
212 241 429 306 religione
454 239 569 287 moti
594 239 767 296 Patres,
802 238 851 285 &
878 236 995 283 diem
1025 253 1163 283 unum
1192 236 1408 298 adjicien·

125 316 233 362 dum
261 314 470 361 ludorum
497 310 745 360 celebritati
770 309 1065 366 censuerunt,
1091 311 1140 356 &
1168 309 1289 373 ligna
1315 311 1406 357 duo

125 405 212 450 pro
231 403 325 434 uno
348 386 633 449 reponenda,
649 386 698 432 &
725 399 898 431 novum
917 394 1120 429 auratum
1138 381 1373 429 faciendui
1360 401 1408 431 i.

125 462 184 507 Et
203 458 366 523 plebeii
394 459 486 505 ludi
515 459 569 505 ab
588 456 790 504 aedilibus
814 456 868 502 C.
899 454 1170 517 Sempronio
1190 455 1334 503 Blaeso
1358 459 1408 504 ὅζ

122 534 191 581 M.
213 533 347 579 Furio
370 531 513 579 Lusco
533 532 648 579 diem
667 547 807 576 unum
826 528 1054 575 instaurati
1073 528 1185 577 sunt.

193 606 576 669 V111.1n1equens
608 621 748 651 annus
784 605 855 666 Sp.
889 602 1166 649 Postumium
1194 602 1412 649 Albinum

127 679 176 726 &
196 679 256 739 Q.
274 678 497 725 Marcium
518 677 777 740 Philippum
797 675 1001 723 consules
1022 676 1075 722 ab
1096 676 1297 722 exercitu
1317 676 1412 722 bel-

126 750 367 814 lorumque
396 752 446 798 &
466 749 806 813 provinciarum
836 764 941 794 cura
961 748 1015 793 ad
1046 747 1263 794 intestinae
1291 763 1410 794 con-

125 823 363 887 jurationis
398 825 643 872 vindiciam
677 822 854 871 avertit.
895 823 1115 869 Praetores
1150 821 1411 883 provincias

128 896 274 945 sortiti
301 899 426 958 sunt,
459 901 514 947 T.
536 897 729 944 Maenius
746 897 994 954 urbanam,
1018 897 1083 942 M.
1107 894 1306 941 Licinius
1323 895 1414 941 Lu·

128 972 273 1019 cullus
303 973 419 1019 inter
447 972 569 1020 cives
591 972 638 1018 &
667 970 927 1033 peregrinos
942 1005 956 1027 ‚
979 969 1033 1015 C.
1050 967 1258 1014 Aurelius
1278 967 1412 1013 Scau·

128 1063 202 1093 rus
216 1047 461 1093 Sardiniam
475 1082 488 1105 ,
504 1047 550 1093 P.
568 1044 810 1091 Cornelius
829 1043 949 1089 Sulla
968 1041 1186 1100 Siciliam,
1202 1042 1250 1086 L.
1263 1040 1412 1099 Quin-

129 1117 239 1164 &ius
268 1117 502 1180 Crispinus
528 1115 782 1177 Hispaniam
815 1113 1069 1160 citeriorem
1088 1148 1102 1170 ,
1136 1113 1191 1158 C.
1220 1112 1413 1174 Calpur-

129 1188 229 1235 nius
250 1189 349 1235 Piso
369 1187 624 1250 Hispaniam
651 1185 926 1231 ulteriorem.
957 1184 1232 1229 Consulibus
1252 1184 1413 1226 ambo·-

127 1260 211 1307 bus
242 1261 431 1322 quaestio
460 1262 513 1304 de
543 1256 823 1304 clandestinis
852 1253 1241 1316 conjurationibus
1260 1255 1415 1299 decr<-

130 1345 174 1377 ta
196 1332 272 1379 est.
307 1335 495 1379 Graecus
521 1331 734 1394 ignobilis
755 1331 801 1376 in
822 1328 1044 1376 Etruriam
1071 1327 1266 1389 primum
1287 1327 1415 1372 venit

130 1405 255 1451 nulla
277 1423 380 1452 cum
413 1422 505 1452 arte
527 1421 705 1465 earum,
730 1419 838 1465 quas
873 1401 1030 1448 multas
1065 1400 1120 1445 ad
1157 1398 1413 1445 animorum

132 1493 472 1543 corporumque
505 1478 676 1526 cultum
716 1476 849 1523 nobis
882 1472 1169 1521 eruditiffima
1206 1471 1415 1518 omnium

132 1567 239 1613 gens
274 1551 480 1610 invexit,
520 1549 790 1599 sacrificulus
824 1551 872 1596 δε
910 1560 1064 1596 vates:
1110 1563 1196 1593 nec
1232 1546 1300 1603 is,
1333 1547 1414 1610 qui

133 1635 284 1683 aperta
314 1624 560 1687 religione,
590 1622 823 1686 propalam
846 1623 895 1668 &
915 1619 1128 1685 quaestum
1151 1620 1201 1666 &
1218 1618 1415 1681 discipli-

133 1710 236 1740 nam
256 1694 512 1756 profitendo
528 1731 542 1754 ‚
562 1695 738 1742 animos
761 1695 955 1740 horrore
975 1693 1218 1746 imbueret,
1240 1690 1311 1737 sed
1333 1708 1417 1737 oc-

133 1766 362 1812 cultorum
382 1771 430 1814 &
460 1767 786 1813 nocturnorum
812 1764 989 1812 antistes
1013 1763 1255 1811 sacrorum.
1288 1762 1417 1809 initia

135 1850 283 1897 erant,
302 1855 403 1900 quae
431 1839 578 1901 primo
612 1828 763 1901 paucis
792 1838 949 1883 tradita
971 1836 1097 1883 sunt:
1132 1834 1291 1880 deinde
1312 1835 1416 1881 vul-

135 1910 228 1972 gari
254 1925 405 1973 coepta
428 1912 526 1957 sunt
547 1928 624 1973 per
643 1912 769 1957 viros
795 1909 1101 1972 mulieresque.
1135 1907 1295 1954 aclditae
1332 1923 1418 1952 vo-

135 1981 325 2043 luptates
353 1984 561 2046 religioni
585 1971 698 2030 vini*
718 1985 768 2031 &
794 1983 1024 2045 epularum
1042 2017 1056 2040 ,
1090 1997 1183 2043 quo
1220 1978 1417 2040 plurium

137 2055 275 2102 animi
296 2057 582 2104 illicerentur.
619 2057 734 2103 Cum
765 2056 924 2103 vinum
946 2055 1120 2102 animos
1140 2090 1152 2111 ‚
1183 2055 1232 2099 ὅ(
1254 2070 1350 2098 nox
1368 2055 1418 2099 δέ

136 2126 269 2172 mixti
300 2127 476 2176 feminis
503 2146 645 2175 mares
662 2164 675 2185 ‚
702 2128 841 2175 aetatis
864 2142 1028 2173 tenerae
1054 2124 1327 2185 majoribus,
1350 2125 1418 2170 di-

136 2197 326 2247 scrimen
345 2219 481 2248 omne
496 2200 685 2264 pudoris
702 2199 1026 2255 exstinxiffent3
1046 2199 1314 2261 corruptelae
1328 2197 1419 2261 pri·

138 2292 261 2320 mum
293 2276 442 2321 omnis
471 2275 645 2339 generis
676 2274 773 2321 fieri
800 2288 989 2336 coeptae,
1017 2290 1119 2321 cum
1149 2274 1202 2319 ad
1231 2273 1275 2319 id
1302 2272 1419 2336 quis·

139 2362 227 2408 que
245 2383 256 2404 ,
280 2365 375 2411 quo
398 2361 554 2393 natura
586 2347 816 2408 pronioris
844 2345 1042 2392 libidinis
1072 2345 1201 2404 esset,
1223 2356 1418 2408 paratam

140 2418 424 2481 voluptatem
455 2418 650 2466 haberet.
683 2418 779 2463 Nec
802 2433 943 2463 unum
978 2433 1118 2479 genus
1144 2433 1277 2461 noxae
1294 2451 1306 2472 ‚
1328 2415 1420 2462 stu-
