1618 2715
304 126 857 176 HlsTORIARUM
893 128 1019 175 LIB.
1056 130 1153 176 XL
1301 147 1393 195 397

105 235 296 301 firibuere
311 273 324 295 ,
348 236 390 284 ὃ·
408 240 596 283 ordinare
613 257 774 283 omnem
799 241 1016 283 exercitum
1031 239 1122 299 fifi
1143 243 1255 285 velle.
1280 241 1395 288 Dies

114 325 320 372 quoque,
341 311 391 356 &
410 326 460 356 ea
481 309 734 372 propinqua
748 344 761 367 ,
778 309 894 356 edita
915 311 1074 356 Flacco
1094 309 1180 367 est,
1199 327 1286 373 qua
1305 312 1392 359 suc·

115 382 258 427 ceffor
278 382 384 427 effet
412 393 644 428 venturus.
682 383 791 428 Haec
821 397 946 427 nova
971 382 1103 428 allata
1127 398 1194 428 res
1211 419 1226 439 ,
1254 384 1394 430 omis·

113 451 167 497 fis
185 488 201 508 ,
221 469 320 515 quae
343 469 470 514 agere
500 452 772 508 instituerat,
794 451 999 499 Flaccum
1021 454 1180 514 raptim
1202 454 1395 502 deduce-

111 541 159 571 re
187 526 433 572 exercitum
461 543 515 572 ex
538 526 777 573 Celtiberia
803 543 905 573 cum
927 526 1165 588 coegisset,
1184 528 1391 588 barbari,

117 599 257 646 causae
278 599 449 662 ignari,
469 599 585 646 suam
611 599 904 649 defefi‘tionem
928 601 977 646 δε
998 600 1111 646 clam
1134 615 1391 664 comparata

113 689 232 718 arma
255 673 424 719 senfiss'e
451 690 551 719 eum
569 710 583 731 ,
606 675 655 721 &
681 672 948 735 pertimuisse
980 672 1087 731 rati,
1111 689 1168 719 eo
1190 673 1390 723 ferocius

113 742 268 790 saltum
300 744 567 791 insederunt.
602 744 691 791 Ubi
711 761 811 790 eum
839 744 992 790 saltum
1022 745 1164 806 prima
1191 746 1290 793 luce
1309 765 1390 811 ag-

111 812 215 861 men
244 816 499 862 Romanum
532 815 747 875 intravit,
769 828 954 878 repente
981 832 1034 862 ex
1057 817 1224 864 duabus
1254 819 1393 880 parti-

114 887 195 934 bus
217 888 344 934 fimul
364 889 514 935 exorti
535 889 682 934 hostes
702 889 937 935 Romanos
955 889 1224 938 invaserunt.
1248 893 1389 951 Quod

113 959 192 1005 ubi
219 961 336 1007 vidit
356 962 555 1019 Flaccus,
579 962 752 1024 primos
775 965 1022 1021 tumultus,
1045 964 1091 1010 in
1113 968 1285 1028 agmine
1309 984 1389 1030 per

115 1035 404 1082 centuriones
437 1036 546 1082 stare
582 1052 766 1094 omnes,
798 1035 876 1081 suo
908 1054 1130 1101 quemque
1166 1039 1307 1098 lom,
1337 1043 1389 1089 &

113 1124 234 1154 arma
263 1110 473 1171 expedire
503 1109 733 1171 jubendo,
763 1108 963 1157 sedavit:
999 1113 1075 1169 &,
1109 1111 1288 1159 sarcinis
1316 1110 1389 1172 ju·-

114 1184 364 1248 mentisque
394 1185 441 1231 in
473 1202 612 1231 unum
646 1185 798 1232 locum
834 1185 1025 1243 coaffls,
1054 1186 1207 1249 copias
1231 1204 1390 1234 omnes

106 1255 275 1317 partim
308 1255 426 1318 ipse,
458 1256 620 1319 partim
650 1273 730 1319 per
752 1256 918 1319 legatos
948 1257 1241 1321 tribunosque
1270 1259 1393 1308 mili-3

111 1340 231 1384 tum,
250 1340 298 1374 ut
318 1340 490 1389 tempus
507 1364 520 1385 ,
543 1341 591 1374 ut
619 1329 744 1375 locus
770 1329 1018 1391 postulabat
1034 1365 1048 1385 ,
1070 1330 1159 1376 sine
1185 1330 1273 1377 ulla
1301 1343 1390 1378 tre-

113 1399 343 1461 pidatione
366 1400 601 1456 instruxit3
623 1420 711 1447 cum
734 1405 797 1447 bis
818 1406 964 1447 deditis
999 1422 1076 1448 rem
1103 1402 1203 1466 effi,
1228 1404 1389 1451 admo-

113 1478 239 1518 nens.
263 1477 406 1517 Scelus
426 1471 468 1519 δ’
482 1475 701 1533 perfidiam
725 1476 812 1519 illis
826 1510 838 1529 ,
860 1494 943 1520 non
961 1477 1148 1521 virtutem
1165 1512 1176 1532 ,
1198 1496 1269 1522 nec
1288 1482 1388 1524 cmi-

113 1561 224 1588 mum
244 1542 445 1606 acceſjiffiz.
473 1546 668 1591 Reditum
695 1548 915 1606 ignobilem
934 1549 979 1592 in
998 1551 1181 1607 patriam
1199 1583 1210 1605 ,
1232 1552 1387 1595 clarum

113 1636 163 1663 ac
196 1621 493 1663 memorabilem
524 1638 590 1664 eos
613 1621 701 1684 fibi
726 1618 865 1681 feciffiz
896 1639 911 1665 .·
947 1639 1126 1667 cruentos
1159 1641 1212 1667 ex
1246 1627 1386 1670 recenti

113 1694 215 1736 caede
241 1693 411 1757 hostium
439 1693 635 1753 gladios,
666 1691 709 1738 ἃ
738 1696 960 1738 manantia
979 1695 1189 1756 sunguine
1210 1696 1387 1755 spolia,

115 1764 299 1822 Romam‘
327 1767 386 1808 ad
408 1768 656 1825 triumphum
691 1767 909 1811 delaturos.
941 1766 1074 1811 Plura
1098 1765 1185 1812 dici
1213 1781 1388 1829 tempus

114 1850 209 1878 non
238 1835 498 1896 patiebatur.
543 1836 820 1883 invehebant
840 1837 881 1883 se
904 1838 1081 1897 hostes,
1108 1840 1156 1886 &
1186 1840 1231 1885 in
1252 1841 1386 1903 parti-

112 1906 194 1952 bus
226 1908 433 1954 extremis
467 1907 554 1970 jam
589 1909 882 1973 pugnabatur.
921 1911 1081 1958 deinde
1119 1912 1236 1959 acies
1269 1930 1385 1962 con-

114 1992 366 2027 currerunt.

178 2051 273 2097 XL.
309 2052 454 2096 Atrox
479 2051 647 2115 ubique
675 2052 884 2115 proelium
904 2090 918 2111 ,
947 2053 1020 2101 sed
1048 2056 1171 2103 varia
1202 2056 1385 2107 fortuna

112 2132 218 2167 erat.
249 2122 418 2184 egregie
452 2123 649 2187 legiones
663 2161 677 2184 ,
697 2143 779 2173 nec
800 2126 970 2190 segnius
992 2129 1192 2178 duaealae
1213 2149 1385 2194 pugna-

112 2194 252 2249 bant3
283 2208 458 2242 externa
487 2198 649 2245 auxilia
677 2200 732 2245 ab
759 2199 887 2246 fimili
914 2215 1161 2260 armatura,
1197 2206 1386 2252 meliore

112 2267 389 2328 aliquantum
421 2268 611 2316 militum
646 2288 838 2334 genere,
867 2275 1168 2337 urgebantur,
1199 2293 1280 2323 nec
1313 2279 1386 2323 lo-

115 2353 215 2384 cum
234 2340 344 2385 tueri
366 2352 585 2402 poterant.
620 2343 864 2402 Celtiberi,
887 2346 962 2391 ubi
986 2347 1192 2394 ordinata
1218 2348 1313 2395 acie
1334 2351 1385 2398 <Sc

114 2409 245 2474 signis
282 2412 455 2463 collatis
489 2413 529 2462 se
565 2432 660 2464 non
690 2417 773 2465 effe
803 2435 927 2484 pares
957 2418 1209 2485 legionibus
1243 2421 1388 2476 sense2
